1878 3115
224 199 276 236 54
609 198 952 233 ADNOTATIONES
978 197 1034 229 ΑΙ)
1062 197 1311 230 SVPPLICES.

227 307 294 342 leio
316 305 430 340 iudice
453 310 548 340 extra
570 314 710 339 omnem
732 302 986 338 dubitationem
1007 301 1163 347 positum
1185 305 1258 341 est,
1281 294 1528 349 φυγάδεσσιν
1548 294 1589 334 δ”
1614 296 1697 335 ἔπι-

226 357 386 404 πλοιάς,
412 360 478 395 etsi
505 356 687 395 ἐπίπλοια
708 369 779 393 non
809 362 864 392 est
894 356 1034 391 aliunde
1065 356 1258 402 cognitum.
1304 356 1349 389 At
1375 365 1438 389 cur
1454 350 1700 403 φυγάδεσσιν

227 416 409 452 maluisset
436 415 631 461 Aeschylus
662 424 765 459 quam
798 407 918 460 ἡμΐνῖ)
973 411 1106 458 Scripsi
1142 405 1389 460 ςιυγάὸεσσιν
1423 405 1464 444 (5³
1498 407 1697 452 ἐπινοίαις.

228 474 384 518 Ρτιριει·
417 471 588 516 [υῃίειιιῑί
621 470 823 507 consilium,
861 469 957 515 quod
983 469 1152 514 cepimus,
1185 478 1380 502 aerumnas
1403 471 1434 501 et
1456 467 1550 502 bella
1570 472 1700 502 metuo.

228 526 284 561 Sic
307 538 336 560 ν.
361 528 421 560 17.
443 525 531 559 haee
552 525 694 559 nomina
714 528 914 570 permutata
935 527 1029 557 sunt.

341 582 458 616 1017.
498 579 592 615 Libri
623 573 822 614 εὔπλοιαν.
861 573 1068 619 Εὖπλοιάς
1094 571 1300 624 τυγχάνειν
1326 581 1448 623 potest
1476 576 1574 622 quis:
1616 575 1699 622 quid

225 642 343 671 autem
373 640 427 670 est
453 633 601 684 πρᾶξαι
630 628 842 670 &azotum
891 633 1025 680 Scripsi
1057 628 1254 668 ἔκπλοιαν.
1294 631 1380 666 Nam
1401 626 1699 677 ταχυπόμποισι

225 688 415 738 διωγμοῖς
434 702 505 725 non
527 691 569 725 de
590 690 707 725 sutura
728 689 977 736 perseeutione
1000 687 1209 728 Danaidum,
1234 687 1296 722 sed
1318 687 1360 722 de
1383 687 1489 722 celeri
1511 686 1607 721 abitu
1628 688 1699 722 Ae-

225 747 365 793 gyptiae
395 746 517 781 classis
549 746 680 781 dietum
710 751 776 781 est.
818 745 868 780 Ex
897 756 939 780 eo
969 744 1142 790 colligunt
1167 754 1247 789 mox
1268 743 1400 777 maiore
1423 753 1503 777 eum
1525 747 1699 789 apparatu

223 802 400 838 redituros
422 812 514 836 esse.
972 812 992 832 ο

342 858 459 894 1018.
501 850 700 904 ὁίωγμούς
719 861 799 891 ante
822 855 1082 890 correctionem
1103 854 1148 888 M.

342 913 458 948 1020.
498 907 742 961 παραβάτας
754 907 859 946 ἐστὶν
869 911 913 945 Μ.
931 910 969 945 G.
988 909 1075 944 Rob.
1107 903 1346 959 παραβάτος
1360 904 1515 944 ἐστὶνΕ.
1539 907 1700 945 Correxit

224 968 422 1003 Askewius.

341 1023 457 1058 1023.
497 1021 591 1057 Llhri
611 1017 821 1070 προτέραν.

341 1078 458 1114 1027.
498 1073 654 1125 θέλγεις
673 1077 718 1111 M.
741 1076 829 1111 Roh.
872 1071 1002 1118 θέλεις
1022 1076 1060 1111 G.
1078 1075 1117 1110 E.
1159 1070 1320 1122 θέλγοις
1339 1078 1595 1110 commemorat
1617 1073 1700 1108 Ste-

222 1134 373 1180 phallus.

335 1182 585 1222 ἄνάθε).κτον
594 1187 638 1221 Μ.
651 1187 689 1221 Ε.
703 1186 791 1221 Rob.
827 1181 1077 1220 ἅναθέλκτον
1096 1185 1149 1220 vel
1171 1179 1424 1232 ἀναθέλητον
1438 1185 1476 1219 G.
1509 1178 1559 1218 ἂν
1574 1177 1709 1219 &enh-¹

223 1254 316 1279 κτον
337 1247 592 1278 commemorat
613 1241 828 1288 Stephanus.

340 1299 456 1334 1029.
499 1293 719 1347 ᾳρεναδιάν
739 1297 783 1331 M.
807 1297 846 1332 G.
890 1291 1017 1345 (φρένα
1038 1291 1128 1330 Mau
1148 1295 1236 1330 Roh.

339 1354 456 1389 1033.
497 1353 606 1388 Recte
629 1352 804 1387 Stanleius
827 1347 983 1399 ἀγάζειν
1002 1351 1258 1397 interpretatur
1279 1361 1389 1397 aeqre
1408 1351 1527 1398 serre,
1551 1355 1698 1386 auctore

223 1409 335 1456 Etym.
358 1409 402 1443 M.
426 1420 460 1454 p.
487 1409 520 1448 5,
547 1409 613 1444 30.

339 1465 456 1500 1034.
497 1461 580 1498 Ζεῦ
601 1463 645 1497 M.

332 1515 464 1567 γάμου
486 1519 530 1553 Μ.
553 1518 592 1553 G.
633 1513 762 1565 γάμον
781 1517 818 1551 Ρ.
841 1516 929 1551 Rob.

338 1575 456 1611 1035.
497 1576 649 1608 Auratus
672 1566 813 1621 ὥςπερ,
836 1584 906 1618 quo
928 1583 999 1607 non
1021 1583 1110 1618 opus
1133 1576 1199 1606 est.

334 1631 453 1666 1036.
494 1639 677 1675 πημονας
696 1628 740 1662 M.
781 1623 964 1675 πημόνὰς
984 1627 1073 1661 Roh.

338 1686 455 1721 1037.
496 1684 590 1719 Libri
611 1679 887 1729 κατασχέθων,
911 1683 1006 1729 quod
1028 1683 1094 1717 etsi
1116 1682 1263 1727 intelligi
1283 1686 1423 1728 potest,
1447 1682 1476 1717 si
1505 1682 1547 1717 ad
1568 1677 1699 1730 γάμον

222 1739 386 1781 refertur,
410 1745 528 1774 tamen
548 1739 669 1774 inutile
692 1744 764 1773 est:
789 1735 927 1780 κτίσας
947 1743 1064 1773 autem
1082 1749 1153 1772 non
1169 1737 1277 1772 habet
1292 1748 1422 1772 nomen
1440 1737 1482 1772 ad
1501 1737 1596 1784 quod
1613 1749 1699 1784 per-

223 1795 342 1830 tineat.
394 1794 626 1830 Serihendum
657 1799 732 1828 erat
752 1788 1058 1843 καταστροφάν,
1090 1793 1160 1828 sive
1181 1793 1216 1827 id
1237 1793 1550 1829 commutationem
1564 1821 1572 1834 ,
1604 1800 1642 1828 ut
1663 1794 1697 1828 in

221 1850 366 1889 Eumen.
390 1862 419 1885 ν.
444 1851 536 1901 4834
560 1850 630 1884 sive
651 1849 862 1895 perfugium,
886 1854 925 1884 ut
946 1860 1052 1895 supra
1074 1860 1104 1883 v.
1128 1849 1220 1885 425.
1244 1848 1470 1895 interpretari
1491 1849 1621 1895 placet.

336 1907 453 1942 1038.
495 1902 536 1940 εὐ
558 1906 672 1950 μενεῖ
685 1904 773 1939 Roh.

337 1962 454 1997 1040.
496 1956 565 1994 καί
580 1971 620 1994 τε
639 1959 683 1994 M.
705 1960 743 1994 G.
785 1956 849 1994 καὶ
871 1954 916 1995 τὸ
937 1958 1025 1993 Roh.

337 2017 453 2052 1041.
494 2014 587 2049 Libri
609 2010 701 2048 ὁίκα
723 2010 847 2055 δίκας.
886 2014 1090 2049 Emendavit
1111 2014 1314 2059 Burgesius.

333 2065 467 2117 εὐχαῖς
487 2070 531 2105 M.
554 2069 642 2104 Roh.
684 2064 866 2115 εὖχολαῖς
886 2070 925 2105 G.

338 2127 454 2166 1043.
494 2120 673 2172 μηχανὰς
693 2124 731 2159 Ε.
