1878 3115
223 182 276 220 44
782 186 1122 221 ADNOTATIONES

224 293 358 327 sionem
392 292 434 327 ad
465 304 502 327 se
532 292 737 339 praeconis,
772 292 826 327 vel
857 303 955 326 suam
985 291 1028 326 ab
1058 290 1254 325 simulacris
1279 290 1533 327 discessionem
1556 291 1693 327 dixerit.

223 348 368 383 Videtur
389 349 479 384 enim
502 348 585 382 illud
607 341 736 394 ἅγειος
756 352 901 393 putasse
923 358 987 393 per
1008 357 1165 381 errorem
1189 346 1358 392 scriptum
1382 358 1461 382 esse
1483 358 1548 394 pro
1565 342 1696 395 ἁγνός.

223 405 267 438 At
288 403 321 437 id
343 398 442 451 ἁγνά
464 404 595 438 dictum
618 407 724 437 esset.
766 402 924 437 Dubitari
946 413 1017 437 non
1038 407 1159 448 potest
1176 402 1259 448 quin
1273 398 1476 450 βαθρείας
1491 402 1583 437 idem
1599 403 1696 449 quod

221 454 368 508 βάθρα
389 459 580 505 significet,
604 457 733 504 gradus
755 458 789 492 in
812 457 939 504 quibus
963 463 998 492 et
1019 458 1119 504 signa
1141 457 1288 492 deorum
1310 457 1426 503 posita
1449 463 1549 493 erant
1570 464 1605 493 et
1625 459 1696 493 vir—

222 514 322 559 gines
344 515 599 554 consederant,
631 514 874 560 scriptumque
904 513 1008 548 fuerit
1041 509 1115 560 ἔχω
1135 509 1348 561 βαθρείας.
1387 513 1473 548 Nam
1495 518 1534 548 ut
1555 525 1696 549 sacrum

224 579 303 603 esse
324 569 417 603 hunc
441 580 546 616 quem
569 574 691 604 tenent
711 569 830 604 locum
852 574 1076 609 asseverent,
1099 569 1228 604 iterant
1249 569 1339 603 banc
1362 580 1504 604 vocem:
1535 569 1580 604 ad
1601 569 1697 616 quod

222 625 444 671 respondens
465 636 596 671 praeco
619 624 746 659 acerba
768 636 847 659 cum
869 625 980 659 ironia
1002 621 1042 659 ἐν
1062 621 1138 668 ναΐ,
1160 621 1230 658 ναΐ·
1246 624 1341 664 dicit,
1365 624 1440 671 ipse
1464 636 1606 671 quoque
1628 625 1698 660 ite-

223 685 300 714 rato
324 682 508 715 nominans
532 691 611 715 eum
633 681 751 715 locum
773 680 807 714 in
830 691 899 726 quo
922 691 1002 715 mox
1023 680 1093 714 sint
1115 690 1292 714 sessurae.
1323 673 1475 727 Ἄγειος
1496 680 1696 716 Lobeckius

223 735 257 769 in
279 736 428 783 Paralip.
451 748 485 782 p.
507 737 597 771 552.
620 736 654 770 in
674 731 819 783 γε’γειος
838 736 1045 770 mutandum
1067 734 1326 781 suspicabatur.
1368 737 1413 770 At
1433 736 1466 770 id
1488 741 1602 771 metro
1624 747 1694 772 non

225 792 400 826 convenit.
442 792 515 838 Ego
538 793 640 838 γεῖος
660 791 798 838 scripsi.
831 791 1033 837 Stephanus
1050 790 1236 837 Byzantius
1253 792 1301 838 γῆ
1319 785 1397 827 άπὸ
1415 791 1486 826 τοῦ
1506 787 1577 839 γέα
1598 803 1697 841 κρα-

223 842 315 881 θέν·
347 842 415 897 ἀφ’
440 858 486 882 ov
508 842 552 882 τὸ
574 842 720 894 γε’γειος
740 842 923 893 κτητικὸν
942 845 1181 896 πλεονασμῷ
1201 847 1273 880 τοῦ
1293 844 1346 894 53.
1387 847 1579 892 Antiquum
1602 859 1697 894 κτη-

222 897 333 938 τικόν
352 913 500 937 necesse
523 907 578 937 est
597 903 700 950 γεῖος
720 902 837 943 fuerit,
860 913 1109 948 possessorem
1130 906 1247 936 terrae
1270 907 1305 936 ct
1326 902 1360 936 in
1383 913 1422 937 ea
1444 907 1565 937 natum
1588 902 1698 949 signi-

224 957 334 992 ficans
348 985 356 999 ‚
389 958 635 1004 diversumque
664 969 683 992 a
703 953 835 1005 γάϊος,
870 957 965 1003 quod
988 957 1191 1003 oppositum
1214 962 1269 992 est
1290 957 1424 992 marino
1438 985 1446 998 ,
1476 962 1516 993 ut
1537 969 1644 1004 supra
1665 970 1695 992 ν.

228 1015 318 1049 794.
343 1008 362 1048 ὃ
393 1009 503 1055 νάϊος
529 1009 652 1060 γάϊος.
702 1013 839 1048 Debent
867 1018 985 1048 autem
1015 1013 1081 1047 hae
1108 1013 1262 1059 virgines
1293 1024 1455 1047 caussam
1484 1024 1696 1055 memorare,

225 1080 290 1104 cur
316 1069 391 1104 iure
422 1080 486 1103 suo
509 1069 596 1103 istos
618 1068 748 1115 gradus
770 1074 933 1103 teneant:
964 1069 1083 1114 itaque
1105 1068 1226 1103 dicunt
1246 1069 1349 1116 γεῖος
1367 1064 1601 1115 βαθυχάϊος
1623 1063 1698 1115 ἔχει)

223 1120 444 1172 βαθρείας,
481 1129 520 1158 ut
548 1124 733 1170 indigenae
755 1124 797 1159 ab
819 1124 1062 1170 antiquissima
1083 1123 1267 1159 nobilitate
1293 1124 1434 1170 generis
1459 1125 1553 1160 hunc
1578 1125 1698 1160 locum

225 1179 290 1213 sibi
312 1179 541 1214 vindicantes.

339 1235 431 1271 827.
472 1233 568 1268 Libri
588 1228 637 1269 σὺ
661 1229 704 1268 δὲ
725 1230 797 1268 ναῒ
811 1230 887 1268 ναΐ.
928 1233 1053 1269 Addidi
1075 1230 1126 1269 ἐν.

337 1285 445 1336 βάση
468 1289 511 1324 Μ.
534 1289 623 1324 Rob.
663 1284 774 1338 βάσῃ
797 1289 835 1324 G.

339 1346 571 1382 829—831.
593 1340 679 1390 βίαι
699 1341 785 1390 βίαι
807 1343 923 1390 (erasa
944 1344 1133 1390 utrobique
1154 1345 1246 1380 inter
1267 1356 1293 1379 α
1314 1350 1349 1380 et
1365 1358 1375 1379 ι
1393 1345 1525 1392 littera)
1542 1357 1583 1381 τε
1599 1343 1699 1380 πολ-

226 1399 308 1444 λᾶι(
330 1412 429 1435 erasa
450 1401 544 1435 inter
566 1412 591 1434 α
612 1405 647 1435 et
669 1412 679 1433 ι
701 1401 833 1446 littera)
857 1396 1019 1449 ςιροῦὁα
1038 1396 1181 1444 βάτεαι
1201 1398 1339 1446 βαθμι
1356 1396 1536 1448 τροκακὰ
1550 1400 1699 1436 παθῶν

227 1451 411 1503 ὀλόμεναι
433 1450 640 1502 παλάμαις
660 1455 703 1490 Μ.
743 1452 816 1505 βία
843 1451 914 1506 βία
941 1466 982 1491 τε
1011 1454 1142 1490 πολλα
1163 1452 1325 1505 ᾳροῦὸα
1344 1451 1487 1502 βάτεαι
1508 1452 1651 1503 βαθμί
1669 1452 1703 1500 (ί

227 1512 261 1546 in
283 1511 400 1557 litura)
423 1506 601 1560 τροκακὰ
623 1510 772 1546 παθῶν
792 1507 976 1557 ὀλόμεναι
1000 1510 1096 1554 (ante
1113 1512 1374 1546 correctionem
1391 1506 1602 1558 ὀλομάναι)
1619 1523 1698 1546 πα-

228 1562 374 1613 λάμαις
395 1568 434 1602 G.
475 1562 546 1617 βία
566 1562 639 1617 βία
658 1578 699 1602 τε
720 1565 849 1601 πολλᾶ
871 1563 1033 1615 ᾳροῦὸἀ
1052 1562 1166 1611 βάττ)
1193 1562 1247 1601 ἐπ’
1273 1562 1401 1613 ἀμίδα
1423 1563 1602 1615 τροκακὰ
1617 1579 1698 1602 πα-

227 1622 318 1657 θῶν
339 1618 523 1669 ὀλόμεναι
545 1617 752 1669 παλάμαις
772 1622 859 1657 Rob.
909 1617 1052 1667 βάτεαι
1073 1620 1189 1667 βαθυ
1210 1618 1438 1671 μιτροκακὰ
1459 1622 1609 1658 παθῶν
1629 1618 1698 1657 ὀλ-

228 1673 389 1724 λόμεναι
422 1690 461 1712 π.
483 1678 522 1712 Ε.
572 1673 714 1723 βάτεαι
746 1676 863 1723 βαθυ
890 1676 1282 1725 ιιιι)τροκακαπαθιῦν
1310 1678 1346 1712 P.
1398 1678 1465 1713 Res
1494 1678 1571 1725 ipsa
1600 1678 1699 1724 loqui

227 1734 383 1774 videtur,
415 1734 502 1768 haec
535 1733 585 1768 sic
607 1739 645 1767 ut
666 1734 733 1768 feci
756 1733 974 1768 emendanda
996 1733 1117 1768 fuisse.
1151 1728 1303 1768 Βάτεαι
1327 1739 1381 1768 cst
1400 1732 1520 1779 βᾶτε,
1552 1734 1698 1780 pluralis

228 1789 424 1836 explicandi
447 1800 572 1823 caussa
594 1789 637 1823 ad
657 1787 763 1834 βᾶθι
779 1789 992 1835 adscriptus,
1012 1800 1121 1835 quum
1139 1800 1269 1835 praeco
1287 1790 1376 1824 baec
1394 1789 1512 1824 dicere
1531 1789 1699 1824 credere-

230 1852 297 1879 tur.
350 1846 481 1891 Lonqe,
503 1845 616 1890 inquit
638 1845 781 1885 chorus,
806 1846 954 1882 abscede
976 1858 996 1881 α
1019 1857 1092 1887 me‚·
1115 1845 1273 1891 pessima
1293 1846 1393 1881 mala
1410 1851 1539 1892 palere
1557 1847 1701 1892 perdite

229 1903 270 1936 ob
293 1905 442 1936 conatus
468 1907 556 1936 tuos.

343 1955 433 1990 832.
475 1954 568 1988 Libri
591 1949 634 1987 αἳ
653 1949 697 1987 αἳ
715 1949 759 1988 αἲ
776 1949 828 1987 αἶ’.

343 2010 433 2045 833.
474 2008 567 2043 Libri
589 2005 653 2043 καὶ
674 2004 762 2056 γάρ.
803 2009 878 2043 Non
900 2014 1020 2055 aptum
1042 2010 1098 2044 hie
1121 2005 1197 2043 καί.
1238 2009 1368 2055 Recepi
1389 2009 1431 2044 ab
1455 2010 1604 2045 Ileathio
1627 2006 1671 2045 εἴ.

343 2064 435 2100 834.
475 2059 523 2098 δι’
548 2059 760 2110 ἁλλίρίτον
781 2064 824 2098 M.
867 2059 905 2098 δ’
932 2058 1145 2113 ἄλλιρυτον
1165 2065 1204 2099 G.
1247 2059 1294 2098 δι’
1319 2058 1533 2114 ἁλίρρυτον
1552 2065 1641 2100 Rob.

343 2119 434 2155 835.
478 2119 513 2153 Si
535 2119 817 2165 promontorium
841 2119 979 2154 Ciliciae
1004 2120 1188 2166 Sarpedon
1210 2131 1340 2155 nomen
1363 2121 1501 2167 accepit
1522 2133 1540 2155 a
1562 2121 1698 2156 tumulo

230 2173 322 2219 regis
344 2174 550 2220 Lyciorum,
582 2174 680 2209 cuius
703 2186 833 2220 corpus
856 2175 893 2209 11.
916 2175 999 2209 xvl.
1025 2176 1116 2211 666.
1140 2187 1240 2221 seqq.
1264 2175 1297 2210 in
1321 2176 1480 2222 Lyciam,
1512 2182 1550 2211 ut
1572 2176 1618 2211 ibi
1640 2188 1700 2211 se-

230 2229 410 2275 peliretur,
435 2235 714 2275 transportatum
736 2230 897 2276 legimus,
921 2231 1060 2276 longius
1083 2237 1157 2265 tum
1178 2231 1305 2277 prolati
1329 2236 1429 2266 crant
1450 2232 1537 2266 fines
1558 2232 1697 2278 Lyciae.

230 2285 272 2319 Et
293 2285 507 2331 Pomponius
530 2285 617 2319 Mela
632 2286 656 2319 I.
682 2287 741 2321 13.
765 2286 807 2320 de
830 2286 897 2320 isto
920 2286 1011 2327 loco,
1036 2286 1241 2333 Sarpedon,
1261 2288 1345 2333 finis
1368 2289 1572 2331 aliquando
1596 2288 1701 2334 requi

231 2340 469 2387 Sarpedonis.
510 2341 809 2375 Anachronismus
832 2353 895 2376 nec
918 2347 1075 2377 moratus
1099 2347 1153 2377 est
1175 2353 1386 2388 quemquam
1409 2354 1474 2377 nec
1491 2343 1697 2378 morabitur.

343 2397 434 2432 836.
476 2396 569 2430 Libri
590 2392 912 2443 πολυψάμαθον.
955 2397 1056 2440 Quod
1079 2398 1226 2433 correxi.

343 2452 433 2486 837.
475 2446 644 2499 εὐρείαις
663 2449 719 2486 εἶν
740 2446 882 2500 αὔραις
897 2453 940 2487 Μ.
959 2453 1046 2487 Rob.
1089 2448 1258 2501 εὐρείαις
1278 2448 1478 2502 εἷναύραις
1499 2454 1538 2488 G.
1581 2448 1698 2502 εὐρυ-

226 2501 413 2553 χιιιρειάις
433 2518 496 2551 pro
519 2502 686 2555 εὐρείαις
706 2508 742 2542 Ρ.
785 2507 919 2542 Omittit
949 2509 1036 2542 haec
1065 2508 1171 2543 verba
1192 2508 1230 2543 Ε.
1280 2508 1381 2543 Nihili
1413 2514 1468 2543 est
1488 2504 1699 2558 εὖρειάισιν

232 2554 385 2608 αὔραις.
427 2562 539 2603 Quum
561 2564 740 2608 Aegyptus
755 2558 889 2611 ἶΛεριά
911 2563 1002 2597 dicta
1025 2564 1079 2603 sit,
1103 2564 1205 2610 posui
1224 2558 1428 2612 άερίαισιν,

344 2616 435 2651 840.
475 2616 567 2650 Libri
599 2612 676 2660 ἴυζε
710 2615 774 2652 καὶ
803 2613 884 2663 βόα
905 2614 1100 2667 πικρότερ’
1125 2614 1252 2664 άχείυν
1273 2614 1451 2665 (ἀχθέων
1471 2624 1551 2653 ante
1574 2629 1698 2653 corre-

233 2670 383 2705 ctionem
408 2671 463 2717 G.)
486 2666 614 2715 ὃϊζιίος
643 2667 750 2719 ὄνομ’
776 2668 884 2720 ἔχων.
936 2674 1065 2710 Videor
1092 2674 1176 2709 mihi
1205 2685 1344 2710 versum
1376 2679 1508 2709 temere
1536 2673 1696 2720 repetitis
