1878 3115
572 183 629 216 AD
656 183 828 216 SEPTEM
854 183 1085 217 ADVERSVS
1110 183 1294 215 THEBAS.
1595 173 1675 212 333

397 282 548 334 μεταξὺ
571 281 613 322 (”
636 281 765 323 ἀλκὰν
785 280 833 322 δι’
857 281 990 336 ὀλίγον

398 339 510 378 τείνει
532 337 683 391 πύργος
703 340 743 378 ἐν
761 337 882 390 Ἄρει.

198 399 243 434 In
264 398 401 438 medio,
432 398 455 433 i.
478 410 509 433 e.
532 398 624 433 inter
644 399 767 434 urbem
790 404 825 433 et
847 399 876 433 ei
898 398 1122 432 imminentes
1143 397 1295 437 fluctus,
1326 397 1376 432 od
1407 397 1510 432 breve
1540 402 1676 442 tempus

197 455 454 489 munimentum
484 455 599 489 tendit
633 456 673 490 in
708 456 799 490 bello
830 454 955 489 turris.
1017 452 1241 487 Confirmavit
1268 452 1361 487 hane
1391 451 1676 487 emendationem

198 508 324 543 Par.B.
348 519 387 543 ex
410 520 480 555 quo
501 520 561 557 γρ.
584 502 669 557 ἄρει
691 509 861 544 Faehsius
883 508 1011 543 attulit.

312 566 402 600 745.
435 560 478 598 δέ
499 564 668 598 omissum
689 564 723 598 in
745 564 822 598 Par.
833 564 873 598 N.
897 562 997 597 Colh.
1014 564 1047 598 1.
1163 560 1415 609 σιχιιβαλεῦσι
1445 567 1526 597 ante
1547 573 1677 597 reeen-

195 619 296 654 tioris
317 630 441 654 manus
463 619 746 653 emendationem
767 619 876 653 fuisse
897 618 1034 653 videtur
1054 617 1089 652 in
1110 617 1154 651 M.

312 675 402 709 746.
428 668 484 720 μὴ
507 670 571 708 καὶ
593 667 706 715 πόλις
725 674 820 720 Lips.
845 673 1009 708 Cantahr.
1026 675 1059 708 1.
1082 673 1159 707 Par.
1170 671 1212 706 Κ.
1233 671 1370 707 Ask.A.

309 731 401 765 747.
432 724 574 764 τέλειαι
597 729 636 763 G.
658 729 726 763 vit.
748 729 843 775 Lips.
866 728 1000 763 Arund.
1022 728 1134 763 Mose.
1162 729 1195 763 1.
1215 728 1251 762 2.
1276 727 1336 761 Ox.
1360 727 1437 761 Par.
1459 728 1499 761 A.
1521 727 1560 762 E.
1578 727 1616 762 L.
1634 726 1675 761 N.

196 784 295 819 Colb.
313 786 344 820 1.
367 783 444 819 Ald.
467 783 557 819 Rob.
598 779 735 819 τέλειοι
758 783 923 819 Cantabr.
942 786 974 819 1.
997 779 1126 819 τέλεια
1146 782 1274 818 Par.B.
1298 782 1403 817 Turn.
1427 788 1462 817 et
1483 794 1590 828 supra
1612 782 1677 817 ad-

195 840 329 887 scripto
352 852 370 874 a
391 840 592 875 recentiore
612 850 720 874 manu
741 851 803 883 ος,
832 851 903 874 11011
926 850 981 883 οι,
1012 839 1056 874 aL
1078 839 1113 873 in
1136 849 1205 885 quo
1227 838 1296 873 hoe
1327 837 1490 873 scholion
1518 838 1676 872 additum

195 900 261 936 est,
284 891 330 931 τὸ
351 890 415 931 τε’λ
420 906 480 930 εια
502 907 551 929 αι
555 908 588 930 τι
610 896 682 931 τοῦ
704 891 768 931 τέ)
773 907 858 930 ειαι.
898 890 984 943 ὗᾳῆ
988 906 1053 929 κεν
1074 890 1117 929 de*
1137 890 1182 930 τὸ
1206 907 1216 928 1
1241 889 1307 928 διὰ
1328 887 1374 929 τὸ
1394 889 1553 941 μέτροι
1588 893 1675 927 Tum

194 944 464 1000 παλαιφάτων
484 945 578 999 ἄρα(
600 951 645 985 Μ.
669 951 730 986 Ox,
752 951 830 986 A.ld
862 950 1000 997 Reliqui
1022 961 1144 985 omnes
1166 946 1415 999 παλαίφατοι
1439 942 1547 998 ἇραί.
1578 948 1677 984 Scii-

193 1006 421 1053 psi,1e1noto
442 1006 537 1052 turpi
558 1006 667 1047 hiatu,
1463 1022 1466 1023 ⁷

395 1057 537 1096 τέλειαι
559 1056 635 1110 γὰρ
656 1056 928 1111 παλαιφάτων
948 1056 1053 1111 ἀρᾶν

395 1115 555 1165 βαρεῖαι
578 1114 839 1165 καταλλαγαί.

195 1170 253 1206 Sic
273 1171 530 1218 Aristophanes
552 1168 728 1218 πολέμου
751 1167 1008 1220 καταλλαγὴν
1028 1172 1111 1207 dixit
1130 1171 1166 1206 in
1186 1171 1316 1207 Avibus
1337 1183 1369 1206 v,
1388 1171 1505 1207 1588.
1541 1170 1674 1206 Eodem

192 1226 299 1261 modo
328 1227 417 1262 haee
447 1227 644 1262 emendavit
672 1228 833 1275 Engerus
860 1228 895 1262 in
927 1228 1010 1263 diss.
1044 1228 1087 1262 de
1107 1227 1304 1274 Aeschyliis
1335 1227 1675 1273 antistrophicorum

191 1282 484 1329 responsionibus
505 1295 540 1329 p.
559 1285 620 1319 17.

308 1340 399 1374 749.
429 1332 610 1385 πελόμεν’
621 1339 665 1374 Μ.
683 1350 701 1373 a
718 1350 772 1385 pr.
789 1350 907 1380 manu,
925 1338 1090 1384 idemque
1109 1338 1391 1385 superscriptum
1407 1338 1442 1372 in
1458 1338 1623 1373 Cantabr.
1637 1339 1674 1374 2.

193 1398 228 1428 et
249 1387 448 1439 πελόμενα
470 1394 573 1429 simul
595 1405 674 1429 eum
697 1387 929 1441 παλλόμενα
951 1399 986 1429 et
1006 1387 1225 1440 τελλόαενα
1246 1393 1466 1440 adscriptum
1486 1394 1521 1428 in
1542 1394 1620 1429 Par.
1634 1393 1673 1428 B.

191 1442 367 1495 τελόμεν’
391 1449 430 1484 G.
452 1449 549 1496 Lips.
570 1450 704 1485 Arund.
729 1450 789 1485 Ox.
812 1449 990 1485 Pa1·.B.E.
1015 1449 1113 1484 Colh.
1131 1451 1163 1485 1.
1187 1454 1223 1484 et
1244 1460 1263 1484 a
1284 1449 1484 1484 recentiore
1505 1460 1612 1484 manu
1628 1449 1673 1484 M.

190 1498 356 1550 τελόμεν
382 1505 459 1539 Ald.
519 1500 718 1552 τελλόμεν)
751 1505 916 1540 Cantahr.
937 1507 972 1541 2.
1004 1505 1082 1540 Par.
1100 1505 1140 1540 N.
1171 1504 1260 1540 Rob.
1291 1505 1398 1539 Turn.
1456 1499 1676 1552 τελλόμενα

191 1559 302 1594 Mose.
327 1561 360 1595 1.
409 1553 612 1606 ze).015,uev’
633 1561 700 1595 Vit.
725 1560 889 1596 Cantahr.
907 1562 939 1596 1.
970 1561 1131 1596 Mose.2.
1153 1560 1256 1595 Taur.
1279 1560 1480 1596 Vind.1.4.
1541 1560 1673 1596 Deinde

192 1626 316 1650 omnes
339 1608 385 1649 οὗ
406 1611 668 1665 παρέρχεται,
693 1617 788 1663 quod
809 1617 843 1651 in
865 1617 975 1652 Mose.
991 1617 1026 1653 2.
1046 1615 1112 1658 bis,
1137 1621 1172 1651 et
1193 1621 1274 1651 ante
1297 1621 1331 1651 et
1351 1621 1435 1663 post
1456 1610 1674 1663 τελούμεν),

191 1671 363 1717 scriptum
386 1676 452 1706 est.
482 1671 670 1717 vulgatum
692 1666 742 1707 τὰ
764 1665 804 1707 δ’
828 1666 926 1707 ὀλοοὶ
947 1665 1147 1718 τελλόμεν’
1165 1665 1210 1706 οὐ
1232 1667 1471 1721 παρέρχεται
1494 1672 1675 1718 interpre-

190 1731 312 1761 tantur
333 1728 524 1762 calamilas
544 1729 650 1763 semel
670 1733 752 1763 orla
772 1740 844 1763 non
867 1730 1055 1774 praeterit.
1094 1727 1163 1761 Sed
1185 1723 1414 1773 τελλόμενα,
1437 1727 1465 1762 si
1481 1727 1570 1762 haee
1592 1738 1674 1762 vera

192 1787 289 1816 esset
310 1782 505 1828 scriptura,
528 1793 600 1817 non
622 1788 724 1823 orla,
755 1783 818 1817 sed
839 1784 997 1818 orientia
1021 1782 1110 1817 mala
1133 1782 1359 1828 significaret.
1418 1782 1673 1828 Recipiendum

191 1830 373 1883 πελόμεν’
396 1843 483 1872 erat.
541 1837 615 1872 Hoc
638 1843 698 1872 aut
719 1849 799 1873 cum
822 1831 867 1872 οὗ
889 1834 1128 1886 παρέρχεται
1152 1837 1437 1883 coniungendum
1459 1843 1533 1878 est,
1568 1844 1607 1872 ut
1628 1838 1674 1873 sit

191 1893 283 1927 idem
305 1903 345 1927 ae
368 1892 397 1927 si
419 1892 562 1927 dixisset
588 1899 695 1939 poeta
726 1889 773 1929 τὰ
807 1888 846 1928 δ’
872 1888 969 1928 ὀλοὰ
992 1888 1038 1928 οὐ
1061 1886 1166 1940 λήγει
1196 1888 1403 1941 γινόμενα,
1433 1898 1493 1928 aut
1515 1893 1561 1928 ita
1583 1894 1672 1928 haee

191 1948 408 1994 explicanda,
431 1961 524 1995 quae
541 1950 753 1995 perniciosa
773 1956 856 1984 sunl
879 1949 916 1989 (i.
940 1961 970 1984 e.
992 1948 1174 1995 pestifera,
1198 1954 1236 1983 ut
1258 1948 1388 1995 dirae),
1412 1960 1485 1983 non
1505 1955 1672 1995 praeler-

191 2011 285 2044 eum,
307 2005 369 2039 sed
390 2011 546 2040 manent.
578 2004 749 2039 Neutrum
767 2004 851 2039 satis
868 2005 997 2051 placet,
1022 2010 1057 2040 et
1078 2004 1247 2039 admonet
1267 2004 1338 2039 vitii
1359 2015 1482 2039 versus
1500 2005 1673 2040 antistro-

188 2059 328 2105 phieuS.
371 2059 487 2102 Quare
508 2059 636 2106 scripsi

691 2111 742 2151 τὰ
766 2109 808 2150 d'
831 2110 932 2151 ὀλοὰ

390 2163 570 2216 πελόμεν’
594 2165 640 2205 οὗ
661 2167 759 2217 μὰψ
779 2166 948 2217 ἔρχεται.

189 2224 368 2259 Invenitur
386 2222 586 2271 μαψίὸιος
606 2226 699 2272 apud
721 2226 922 2272 Euripidem
945 2225 1022 2260 IIel.
1045 2237 1075 2260 v.
1090 2227 1181 2261 260.

304 2281 396 2315 750.
427 2275 696 2328 πρὸπρῦμναν
723 2281 818 2327 Lips.
858 2275 1127 2329 πρόπρι,’μναν
1153 2280 1231 2315 Ald.
1262 2280 1351 2315 Rob.
1408 2292 1673 2344 προπρῑμιον

190 2334 296 2368 Turn.
328 2340 363 2369 et
393 2335 435 2369 ad
464 2336 622 2370 ultimam
654 2335 821 2382 syllabam
853 2348 877 2370 α
906 2348 1011 2381 supra
1035 2336 1214 2382 adscripto
1237 2330 1672 2385 Par.0.n90np1iwa

190 2395 289 2424 reete
311 2390 434 2424 ceteri.
550 2386 592 2425 δὲ
612 2391 717 2437 plene
738 2391 805 2426 vit.
846 2387 887 2427 τὲ
908 2392 985 2426 Par.
1004 2392 1044 2425 N.
1151 2384 1269 2436 εκβο)
1274 2402 1329 2425 ων
1348 2402 1365 2425 a
1387 2402 1441 2437 pr.
1464 2403 1582 2432 manu,
1606 2404 1670 2428 εκ-

187 2443 325 2490 βολιῦν
344 2456 362 2480 a
384 2456 457 2480 see.
479 2445 646 2480 habuisse
667 2447 804 2481 iidetur
824 2447 868 2481 Μ.
899 2442 1043 2492 fusio).
1023 2459 1072 2481 αν
1098 2447 1279 2481 recentior
1306 2457 1430 2481 manus
1459 2447 1555 2482 feeit.
1596 2448 1671 2483 Ad-

189 2499 361 2546 seriptum
382 2501 451 2535 hoe
473 2501 648 2541 scholion,
672 2494 770 2537 ὅταν
790 2498 833 2537 de*
854 2501 1120 2548 παχυνθιῦσιι
1140 2497 1176 2536 οἱ
1198 2496 1342 2548 ἄνδρες
1362 2502 1416 2537 τῶ
1438 2495 1561 2552 ὄλβι’),
1579 2497 1668 2539 τότε

190 2547 235 2590 ὅλ
239 2566 285 2589 ov
307 2556 380 2590 τοῦ
401 2549 556 2605 ([όρτου
577 2551 747 2605 εκβολὴν
766 2559 909 2592 ποιοῦν
914 2570 987 2593 ται.
1028 2557 1146 2593 τοῦτο
1170 2553 1242 2592 de
1233 2551 1334 2604 πρὸς
1351 2539 1568 2593 Ἔτεοκλεα.
1603 2571 1668 2594 εκ-

187 2608 264 2656 βο)
269 2611 324 2645 ῶν
345 2607 399 2655 dg,
421 2612 503 2646 τῶν
520 2607 746 2662 υβριστῶν,
770 2613 855 2648 οἱον
875 2606 924 2648 δι’
947 2610 1115 2661 εκβολης
1132 2607 1391 2662 εβριζόντων.
1452 2612 1568 2649 Ceteri
1589 2614 1667 2650 libri

189 2676 312 2701 omnes
334 2660 481 2713 {nssol‘
457 2679 516 2702 αν.
