1878 3115
646 193 686 225 lN
714 193 929 226 AESCHYLI
956 194 1169 226 ORESTEA.
1576 189 1654 226 657

368 293 532 344 χαίρετε
548 289 716 342 χύμεῖς·
738 307 876 344 προιιχ
844 309 939 330 ιιιαι
960 291 994 330 d'
1017 292 1085 343 ἐμὲ
1099 293 1181 346 χρὴ

375 348 542 398 στείχειι
563 346 674 386 θ·υ.).’
651 364 756 414 “tum
762 363 780 393 ς
801 345 1015 394 ἄπωὸειξιιι
1020 364 1096 387 σαι

376 403 477 456 πρὸς
497 406 585 455 (μῦς
606 402 712 455 ἱερὸν
731 404 855 442 τῶνδε
877 408 1142 455 προπομπῶν.

376 474 431 497 ιτε
454 459 518 496 καὶ
532 473 642 526 ossa}
646 458 726 496 ‘'rmn
746 473 826 497 Τῑυι
817 456 862 495 d
884 457 962 498 ίπὸ
984 463 1142 509 σεμνῶν

376 513 478 553 zato}
500 519 572 565 γῆς
592 512 641 551 σι’
643 529 758 564 uentu
781 523 849 552 et«.

176 572 261 607 Nam
282 569 483 621 προφέρω»
502 569 669 619 στείχειν
697 584 768 606 non
797 572 973 618 significat
995 573 1185 618 primorem
1208 572 1242 606 in
1265 573 1434 608 comitatu
1457 573 1505 607 ire
1529 579 1566 608 ut
1588 574 1654 608 du-

175 639 265 668 cem,
290 628 352 662 sed
373 628 471 674 prius
493 628 601 662 abire.
643 628 753 662 Porro
776 633 894 662 autem
915 627 1001 662 illud
1021 639 1105 662 nuni
1127 627 1295 662 credibile
1317 634 1383 667 est,
1407 634 1550 674 praeter
1569 629 1655 663 istas

176 694 358 718 sacrorum
372 683 616 725 administras,
641 694 731 729 quae
754 683 950 717 certissime
972 694 1172 729 perpaucae
1195 683 1356 723 suerunt,
1381 684 1528 718 chorum
1552 685 1656 729 quin-

175 738 289 773 decim
312 738 514 778 Furiarum,
549 743 624 772 tum
645 738 898 783 Areopagitas,
931 743 1014 783 post
1042 738 1108 771 hos
1140 744 1259 773 autem
1289 750 1414 783 agmen
1443 739 1597 773 virorum
1621 745 1655 773 et

174 794 361 828 mulierum
382 804 447 839 per
468 792 688 828 orchestram
706 790 924 827 incessisse?
945 792 1056 826 Vnum
1074 787 1399 841 παραχορήγημα
1416 794 1551 839 aliquot
1566 794 1654 828 loeis

174 854 361 895 poetarum
377 854 695 883 commemoratum
711 848 871 882 novimus
888 847 982 889 (dico
1000 853 1118 882 autem
1136 843 1473 896 παραχοριξγιχμα,
1492 854 1531 883 ut
1547 849 1656 883 scho—

172 904 296 948 fiastes
316 904 574 950 Aristophanis,
598 903 747 938 chorum
769 903 827 948 qui
848 909 992 948 praeter
1012 903 1206 947 legitimum
1229 903 1376 937 chorum
1398 903 1653 938 introducitur:

175 959 269 1006 apud
291 959 471 994 Pollucem
500 959 592 994 enim
620 964 821 1005 permutata
851 969 930 993 esse
960 952 1237 1006 παρασκήνιον
1265 963 1301 992 et
1329 953 1656 1006 napaygopvjyvjpca

175 1015 316 1050 ostendi
336 1015 371 1049 in
392 1016 525 1061 Opusc.
543 1014 614 1048 Vll.
628 1025 663 1060 p.
682 1015 812 1059 346.)‚
835 1014 892 1048 hic
914 1024 996 1048 vero
1018 1013 1294 1048 insolentissime
1317 1013 1385 1047 duo
1408 1013 1523 1054 simul,
1547 1019 1655 1060 atque

175 1071 277 1111 adeo,
301 1070 329 1104 si
350 1066 584 1119 προπομποὶ
607 1070 756 1104 seorsim
778 1074 1021 1109 numerantur,
1045 1069 1109 1103 tria
1131 1068 1344 1103 haberemus
1366 1063 1655 1117 παραχορηγή-

174 1138 299 1173 ματα,
323 1126 530 1161 sacerdotes
553 1136 642 1171 quae
664 1125 779 1159 dictae
801 1130 902 1162 sunt.
924 1124 1169 1170 Areopagitas,
1193 1124 1364 1170 populum
1386 1124 1653 1160 Atheniensem.

121 1217 132 1225 ,
176 1181 423 1216 Portentosius
446 1181 550 1216 etiam
572 1180 740 1215 Mullerus
762 1180 796 1214 in
817 1180 1015 1226 appendice
1036 1191 1071 1225 p.
1089 1180 1153 1215 27.
1175 1190 1342 1225 pompam
1371 1179 1440 1214 hoc
1462 1180 1568 1214 modo
1591 1179 1655 1214 ad-

177 1237 331 1272 ornavit:
362 1237 563 1277 Minervam,
587 1235 832 1281 Areopagitas,
856 1228 1135 1283 προπομπούς,
1159 1235 1292 1275 Furias,
1316 1245 1442 1280 agmen
1465 1246 1545 1269 cum
1567 1235 1655 1270 saei-

119 1292 123 1298 '
176 1292 243 1327 hus
264 1292 400 1327 hostias
422 1291 645 1331 ducentium,
668 1291 757 1332 liba,
781 1296 943 1336 pateraS,
967 1291 1136 1336 puniceas
1158 1296 1274 1325 vestes
1296 1290 1331 1324 in
1352 1289 1514 1324 manibus
1536 1290 1656 1324 seren-

177 1348 275 1388 tium,
300 1347 395 1394 quod
416 1352 637 1394 postremum
659 1358 786 1392 agmen
807 1346 968 1380 ultimum
990 1345 1195 1392 tragoediae
1212 1356 1354 1380 carmen
1373 1350 1488 1380 canat.
1520 1345 1656 1380 Licebit

176 1414 280 1444 vero,
310 1408 349 1438 ut
377 1403 581 1437 mactandas
611 1402 768 1448 pecudes
797 1402 956 1436 omittam
985 1401 1113 1447 (equos
1143 1406 1178 1435 et
1199 1412 1306 1436 canes
1327 1401 1489 1435 viderunt
1517 1401 1655 1435 theatra

175 1464 317 1500 nostra;
354 1458 539 1493 videantne
569 1458 674 1492 etiam
695 1455 864 1503 boves⁶?),
903 1457 993 1491 hanc
1023 1461 1156 1491 tantam
1184 1456 1367 1491 hominum
1395 1456 1654 1490 multitudinem

176 1514 271 1549 haud
291 1514 519 1549 mediocriter
537 1514 710 1548 minuere.
763 1512 1056 1559 Areopagitarum
1086 1505 1431 1560 παραχορήγημα,
1460 1512 1495 1546 in
1524 1511 1654 1546 iudicio

176 1570 331 1616 quidem,
355 1575 507 1604 testatus
530 1574 585 1604 est
605 1568 816 1604 scholiastes
838 1568 873 1602 in
896 1568 975 1603 cod.
995 1568 1086 1602 Med.
1104 1567 1148 1602 ad
1163 1579 1194 1602 ν.
1217 1568 1307 1602 555.
1329 1566 1460 1613 [575]
1484 1572 1523 1601 ut
1544 1567 1656 1601 Fran-

178 1626 251 1660 zius
272 1637 307 1672 p.
327 1627 418 1661 313.
442 1626 570 1660 refert:
602 1621 643 1658 ἓν
661 1617 961 1672 περιχωρῆματι
984 1617 1093 1673 αὐτῷ
1116 1618 1214 1657 εἰσὶν
1235 1617 1272 1657 οἶ
1294 1616 1553 1670 ἅρεοπαγΐται
1575 1635 1655 1669 μη-

178 1677 313 1727 δαμοῦ
344 1674 627 1728 διαλεγόλιιενοι.
674 1679 711 1713 Id
734 1679 825 1713 enim
849 1690 889 1713 ex
909 1674 1232 1728 παραχωρήμαῑι
1263 1684 1298 1712 ct
1319 1678 1387 1712 hoe
1411 1689 1451 1712 ex
1471 1688 1655 1726 παραχο-

178 1730 376 1785 ρηγήμιιτι
399 1740 607 1781 corruptum
629 1740 703 1775 est,
734 1739 773 1768 ut
801 1734 892 1780 apud
916 1734 1130 1779 llesychium
1160 1738 1267 1779 atque
1297 1732 1389 1767 alibi.
1443 1732 1542 1767 Nune
1571 1744 1654 1767 vero

179 1791 263 1837 quid
283 1790 507 1837 Areopagitis
528 1801 619 1836 opus
641 1788 722 1824 est?
761 1789 838 1824 Non
860 1789 939 1824 dico
961 1790 1042 1829 hoc,
1067 1788 1162 1835 quod
1183 1788 1345 1823 homines
1366 1788 1474 1828 istos,
1499 1788 1558 1834 qui
1578 1788 1655 1822 illas

178 1853 299 1893 partes
329 1851 493 1893 egerant,
531 1856 714 1880 removere
740 1856 759 1879 a
782 1845 955 1880 comitatu
982 1844 1103 1885 velim,
1142 1844 1205 1878 sed
1233 1855 1327 1878 nunc
1357 1854 1418 1878 eos
1448 1843 1656 1889 simpliciter

178 1903 331 1937 virorum
352 1902 619 1937 Atheniensium
643 1900 759 1935 officio
782 1900 879 1946 fungi
900 1912 964 1946 par
986 1906 1051 1940 est,
1076 1904 1114 1934 ut
1134 1910 1206 1934 non
1226 1899 1447 1945 indigeamus
1477 1899 1552 1933 aliis
1574 1899 1655 1932 viris

178 1957 466 1992 Atheniensibus.
515 1957 586 1991 Nec
608 1956 771 2002 profecto
792 1956 904 2002 magis
925 1955 1177 1995 laborandum,
1207 1955 1300 1989 unde
1322 1954 1488 1989 mulieres
1509 1954 1657 1989 Atheni-

179 2025 283 2048 enses
314 2013 506 2059 capiamus.
561 2012 646 2047 Nam
681 2023 788 2058 quum
820 2011 998 2057 legitimus
1033 2011 1215 2045 Furiarum
1248 2021 1417 2044 numerus
1447 2009 1491 2044 sit
1519 2009 1654 2044 illarum

178 2069 296 2109 trium,
320 2080 468 2115 quarum
490 2073 573 2102 nota
596 2072 677 2102 sunt
697 2067 850 2107 nomina,
874 2078 945 2101 non
966 2066 1197 2101 dubitandum
1218 2066 1366 2106 videtur,
1391 2065 1474 2111 quin
1493 2065 1558 2099 hae
1578 2073 1656 2099 tan—

178 2131 251 2159 tum
275 2130 432 2159 sacratas
454 2123 558 2158 sedes
580 2123 785 2169 acceperint
808 2122 995 2167 cultaeque
1018 2122 1087 2156 sint
1108 2121 1268 2156 Athenis.
1299 2122 1414 2166 Atque
1437 2121 1488 2154 vix
1510 2120 1656 2166 effugis—

179 2186 245 2221 set,
269 2179 390 2220 credo,
413 2179 609 2225 Aeschylus
631 2178 822 2223 impietatis
843 2177 1120 2217 accusationem,
1145 2177 1173 2210 si
1193 2187 1259 2222 pro
1281 2176 1394 2210 tribus
1416 2175 1482 2209 illis
1505 2175 1656 2221 quinde—

179 2236 248 2270 cim
268 2235 465 2281 punitrices
486 2234 570 2268 deas
592 2233 703 2278 recipi
723 2232 880 2267 fecisset.
930 2232 980 2266 lta
1002 2231 1208 2271 duodecim,
1240 2236 1279 2265 ut
1300 2230 1487 2265 defunctae
1509 2241 1655 2265 munere

181 2302 245 2325 suo
268 2291 302 2325 in
323 2289 574 2337 persecutione
597 2288 751 2327 Orestis,
786 2288 853 2322 iam
883 2287 1027 2321 mutatis
1056 2285 1213 2321 vestibus
1242 2286 1377 2320 interea
1399 2286 1481 2319 dum
1504 2285 1655 2319 Minerva

180 2358 211 2381 v.
230 2347 463 2382 975—985.
488 2342 815 2390 [low-1013]
839 2343 1035 2378 orationem
1057 2341 1182 2381 hahet,
1216 2346 1254 2375 ut
1274 2341 1440 2375 mulieres
1460 2340 1656 2374 Athenien-—

181 2413 239 2436 ses
260 2401 420 2436 adhiberi
440 2404 618 2447 poterant.
662 2399 777 2442 Quare
799 2398 828 2432 si
848 2397 1096 2444 Areopagitae,
1120 2402 1157 2431 ut
1179 2397 1319 2442 quidam
1341 2396 1483 2436 volunt,
1508 2407 1654 2430 numero

181 2457 368 2492 duodecim
392 2456 553 2496 suerunt,
585 2454 732 2489 totidem
754 2453 962 2489 habebimus
984 2453 1170 2493 mulieres,
1195 2453 1380 2497 omnisque
1404 2451 1592 2486 comitatus
1615 2461 1653 2484 ex

179 2513 300 2559 viginti
323 2517 491 2559 quattuor
511 2510 785 2545 Atheniensibus
808 2508 1005 2549 constabit,
1029 2507 1156 2554 quibus
1178 2507 1373 2547 accedunt,
1409 2517 1498 2552 quae
1527 2506 1655 2540 certis-

181 2569 268 2603 sime
291 2578 491 2615 perpaucae
513 2566 666 2605 suerunt,
690 2565 896 2600 sacerdotes
919 2564 1026 2604 istae,
1049 2563 1102 2598 vel
1119 2563 1237 2609 potins
1259 2562 1438 2596 ministrae
1460 2572 1654 2595 sacrorum.

181 2623 245 2658 Hic
268 2624 457 2658 comitatus
478 2632 621 2657 carmen
643 2621 802 2656 ultimum
825 2631 953 2655 canere
975 2619 1150 2653 creditur:
1175 2630 1244 2652 non
1260 2623 1314 2651 est
1332 2623 1447 2652 tamen
1462 2616 1655 2662 putandum

183 2690 306 2714 omnes
328 2678 447 2725 viginti
471 2682 639 2723 quattuor
660 2688 807 2717 canere,
839 2676 902 2710 sed
924 2675 1001 2709 illos
1025 2680 1178 2712 tantum,
1211 2675 1267 2719 qui
1290 2673 1433 2719 proprie
1464 2678 1543 2706 sunt
1567 2672 1655 2705 cho—

247 2744 456 2771 AESCln‘LUs
474 2743 508 2769 ΙΙ.
1343 2738 1383 2768 42
