1878 3115
586 228 641 260 AD
668 226 975 261 PROMETIIEVM
1000 226 1211 260 VINCTVM.
1588 218 1638 255 59

163 329 277 365 schol.
300 330 344 365 ad
364 330 403 365 Il.
429 330 497 365 VII.
525 332 613 367 190.
636 331 671 365 111
693 331 847 366 Crameri
869 330 1001 366 Anecd.
1024 330 1133 365 Paris.
1155 329 1213 364 III.
1235 340 1270 375 p.
1289 328 1380 369 226,
1406 329 1469 364 31.
1511 328 1642 363 Defen-

163 386 213 421 dit
248 380 416 434 ἀπηύρω
445 386 661 431 Abrescliius
692 387 726 421 in
758 387 855 422 Misc.
888 386 971 421 Obs.
994 386 1080 420 VIII.
1104 397 1138 432 p.
1164 386 1254 422 341.
1311 383 1496 418 Elmsleius
1524 395 1640 418 verani

163 441 375 487 scripturam
405 437 577 489 ἐπηῦρου
609 453 688 477 esse
720 442 886 488 putabat,
918 442 1013 488 quod
1035 441 1144 476 altera
1164 441 1270 475 Attici
1291 451 1362 474 non
1382 439 1566 474 videantur
1587 439 1641 473 usi

163 507 255 531 esse.
311 497 525 543 Aeschylum
560 502 678 532 tamen
713 508 779 543 ego
808 498 877 532 hoe
905 497 986 531 loeo
1009 496 1150 531 credam
1172 491 1330 546 ἐπηύρω
1352 495 1558 542 scripsisse,
1596 506 1640 529 ne

163 557 289 598 quater
308 551 479 587 vocabula
499 552 534 586 in
556 563 601 586 ov
624 553 910 587 terminarentur.

278 608 340 643 32.
383 607 496 641 Crani.
519 607 652 641 Anecd.
675 607 784 642 Paris.
807 607 862 641 lv.
885 618 919 652 p.
949 607 1008 646 14,
1033 607 1070 641 4.

277 663 340 698 34.
381 658 666 710 [1111-1ᾳθέ7ξῃ.
1233 672 1257 706 η

277 717 340 753 36.
363 713 587 766 κατοικτίζῃ
610 717 649 752 G.
691 713 915 763 κατοικτίζῃ
937 716 982 751 Μ.
1025 710 1280 758 κατοικτίζεις
1300 715 1395 761 Lips.
1418 718 1506 762 Aug.

274 773 338 807 40.
380 767 563 821 ξῦμφιλιιι
583 773 827 819 [1115τ1110110,
865 777 904 807 ut
939 772 967 806 si
997 772 1228 819 νηκουστεῖν
1257 776 1482 817 sequeretur.
1525 772 1640 807 Ceteri

160 826 239 862 libri
259 822 458 876 oz‘luqstjlu’.

275 883 340 918 42.
382 878 462 917 αἰεί
485 894 525 918 τε
555 879 604 930 δὴ
635 879 755 931 νηλὴς
775 883 819 918 Μ.
843 893 923 918 cum
945 882 1033 917 aliis.
1078 878 1157 916 αιέί
1174 892 1234 916 τοι
1258 877 1378 928 νηλὴς
1399 882 1438 916 G.
1484 879 1564 917 αἰεί
1580 894 1639 918 τοι

162 934 211 986 δὴ
233 934 353 985 νηλὴς
372 938 467 985 Lips.
488 940 579 985 Aug.
630 935 709 973 αἰεί
735 950 771 974 τι
802 934 851 986 δὴ
880 934 1001 986 νηλὴς
1035 938 1103 972 alii.
1159 933 1239 972 αἷὲί
1255 948 1311 972 τει
1334 933 1383 985 δὴ
1405 934 1529 985 νηλὴς
1550 938 1638 973 Rob.

161 1005 201 1041 γε
222 993 387 1041 praebuit
407 993 506 1028 Vind.
532 996 566 1031 3.
590 995 750 1030 Porsono
773 994 919 1041 aliisque
942 994 1068 1029 merito
1090 992 1293 1040 probatum.

274 1051 339 1086 43.
379 1046 504 1084 aava}
525 1050 569 1084 M.
593 1062 611 1085 a
632 1062 686 1096 pr.
709 1061 827 1085 manu.

275 1106 340 1141 44.
382 1104 557 1140 Stohaeus
578 1106 693 1141 LVIII.
719 1107 754 1142 6.
795 1106 957 1142 Clemens
985 1106 1081 1141 Alex.
1113 1104 1244 1139 Strom.
1268 1104 1305 1138 V.
1336 1115 1371 1150 p.
1397 1105 1488 1140 234.
1513 1104 1640 1150 (399.)

161 1160 406 1195 Theodorctus
429 1172 460 1195 c.
484 1160 607 1196 Graec.
630 1162 685 1196 IV.
707 1173 742 1208 p.
769 1163 859 1198 531.
884 1162 920 1197 C.
945 1161 1138 1208 Georgides
1159 1160 1194 1195 in
1215 1160 1435 1195 Boissonadii
1458 1160 1590 1195 Anccil.
1614 1161 1637 1195 Ι.

161 1227 197 1262 p.
222 1217 285 1253 85.
308 1216 402 1262 apud
425 1227 529 1262 quem
553 1212 653 1264 ζήτει
675 1218 816 1264 legitur.

275 1272 340 1307 45.
376 1273 525 1321 χειρῶν
559 1268 652 1315 ἀξία
686 1273 780 1319 Lips.
817 1268 1048 1319 χειροναξιά
1078 1272 1117 1306 G.
1173 1271 1393 1317 Phrynichus
1424 1270 1459 1305 in
1490 1270 1638 1306 Bckkeri

162 1327 294 1361 Anecd.
318 1339 353 1373 p.
380 1328 442 1368 72,
471 1329 531 1363 14.
547 1325 808 1377 χειρωναξία·
840 1323 942 1362 πολὺ
969 1323 1044 1374 μὲν
1071 1323 1116 1362 τὸ
1139 1321 1356 1375 χειρῶναξ,
1392 1321 1436 1362 τὸ
1461 1321 1501 1360 ὁ)
1528 1322 1642 1375 ἔργον

163 1377 236 1428 οὐχ
258 1376 396 1427 οὕτως,
419 1377 493 1417 κᾶν
512 1378 721 1430 Αἰσχύλος
741 1379 908 1430 δόκιμον
927 1384 1021 1432 ποιῇ
1042 1378 1115 1430 τὴν
1135 1378 1284 1432 (μονήν.

465 1450 491 1472 α

275 1483 340 1518 48.
383 1477 510 1529 ἒζιιπης
530 1482 569 1518 G.
686 1476 829 1532 ὤφειλε
852 1482 891 1517 G.
913 1482 1009 1529 Lips.
1030 1484 1120 1529 Aug.
1163 1474 1316 1530 ὤφελεν
1336 1480 1380 1515 M.

275 1539 340 1574 49.
380 1538 475 1572 Libri
496 1533 700 1587 ἐπράχθη,
734 1538 831 1584 quod
859 1549 1085 1584 quocumque
1107 1537 1212 1572 modo
1236 1536 1448 1582 explicetur,
1484 1537 1640 1584 ineptam

163 1598 200 1628 01
227 1604 271 1628 110
300 1598 399 1628 recte
429 1594 570 1640 quidem
592 1594 807 1629 enuntiatam
829 1594 1041 1629 sententiam
1062 1593 1230 1640 praebet,
1264 1592 1343 1638 quia
1365 1592 1525 1639 perfecto
1549 1604 1639 1639 opus

163 1653 250 1683 erat.
298 1648 444 1684 Stanleii
471 1650 756 1685 emendationem
785 1646 946 1697 ἐπαχθῆ
967 1660 1047 1684 11100
1069 1649 1207 1684 1110111111
1227 1648 1364 1694 recepit
1385 1648 1637 1684 Blomfieldius.

163 1704 323 1740 Coniecit
343 1705 410 1740 hoc
435 1706 540 1740 etiam
560 1705 740 1752 Briggsius
763 1705 806 1740 ad
827 1706 977 1741 Theocr.
1000 1706 1026 1740 Ι.
1055 1707 1144 1741 101.

272 1758 386 1802 θεοῖς
403 1761 498 1808 Lips.
520 1762 609 1808 Aug.

277 1816 340 1851 51.
382 1811 876 1864 111101·11011ςο11’.11111ἔγνωκα,
892 1811 1021 1857 τοῖ’ςὸε
1039 1810 1179 1850 κούδὲν
1196 1809 1391 1850 ἀντειπεῖν
1406 1808 1494 1861 ἔχει).
1531 1815 1641 1849 Frus-

165 1875 218 1905 tra
252 1871 340 1906 haee
370 1872 426 1906 alii
448 1867 657 1913 defendere,
689 1873 745 1907 alii
767 1872 946 1917 corrigere
969 1871 1086 1905 conati
1109 1876 1207 1905 sunt:
1251 1870 1293 1905 de
1324 1881 1391 1916 qua
1412 1881 1450 1904 re
1473 1875 1640 1905 accurate

164 1926 352 1972 disputavit
373 1927 559 1962 Mauricius
581 1927 754 1974 Ilauptius
775 1928 810 1962 in
832 1927 915 1962 Obs.
935 1926 1012 1961 crit.
1028 1938 1063 1972 p.
1085 1927 1148 1962 57.
1190 1926 1299 1961 Recte
1320 1926 1467 1960 Botliius
1491 1922 1641 1973 ἔγνωκα

163 1978 290 2024 ‘coss-de
314 1983 504 2018 coniunxit.

278 2039 340 2073 52.
383 2034 527 2086 ἐπείξηι
549 2034 672 2074 τῶνδε
703 2034 819 2088 (τῷδε
843 2038 899 2083 G.)
930 2032 1058 2084 δεσμὰ
1082 2036 1125 2071 M.
1150 2037 1188 2072 G.
1222 2042 1257 2072 et
1289 2037 1345 2072 alii
1374 2036 1466 2071 libri.
1508 2032 1641 2086 ἐπείξῃ

164 2089 293 2140 δεσμὰ
312 2090 412 2144 τῷδε
433 2094 528 2140 Lips.
550 2096 639 2140 Aug.
663 2094 802 2140 aliique.
845 2094 939 2129 Haec
961 2093 1086 2128 melior
1107 2092 1295 2128 verboriun
1317 2092 1518 2128 collocatio.

277 2150 340 2186 53.
382 2145 586 2185 ἐλινύοντα
606 2150 650 2184 M.
674 2150 713 2185 G.
755 2145 981 2185 ἐλιννύοντα
1001 2149 1096 2195 Lips.
1118 2150 1207 2194 Aug.

278 2206 341 2240 54.
381 2200 514 2251 ψάλια
534 2205 578 2240 M.
601 2205 695 2252 Lips.
718 2207 805 2251 Aug.
846 2201 969 2251 ψέλια
991 2206 1030 2239 G.

278 2261 341 2296 55.
383 2259 603 2296 Sclioliastae
625 2274 683 2295 νιν
701 2261 981 2307 interpretantur
1002 2264 1038 2295 et
1060 2254 1163 2294 αὐτά
1184 2264 1219 2294 01
1240 2253 1374 2294 αὐτόν.
1415 2258 1514 2293 Prior
1530 2259 1642 2293 inter-

163 2316 314 2360 pretatio
335 2327 416 2350 vcra
437 2316 585 2351 ridetur.

279 2382 342 2417 59.
385 2377 535 2429 “πόρον
556 2382 681 2427 Synes.
705 2382 815 2427 Epist.
846 2383 934 2417 147.
968 2392 1003 2426 p.
1029 2381 1120 2417 288.
1143 2382 1182 2414 A.
1207 2379 1270 2414 sed
1290 2374 1439 2428 πόρους
1459 2379 1639 2425 Aristopb.

166 2436 229 2482 Eq.
255 2437 345 2472 756.
369 2442 404 2471 et
425 2437 538 2471 schol.
580 2436 771 2471 Marcellin.
796 2437 829 2470 in
850 2437 918 2470 Vit.
942 2436 1051 2470 Thuc.
1074 2447 1108 2481 p.
1134 2436 1169 2471 2.
1192 2435 1215 2469 I.
1240 2437 1275 2470 9.
1300 2435 1440 2481 Dionys.
1464 2435 1639 2470 IIalicarn.

166 2493 205 2525 A.
229 2491 267 2525 R.
290 2491 361 2526 VII.
387 2492 448 2527 36.
472 2503 506 2537 p.
535 2493 651 2528 1390.
683 2492 738 2526 cd.
761 2491 896 2526 Reiskj’
938 2491 1032 2526 Haec
1061 2490 1240 2525 adnotavit
1260 2490 1299 2525 R.
1326 2490 1525 2531 rumonus,
1558 2502 1641 2537 per-

166 2547 347 2593 suasitque
370 2547 587 2582 Blomlicldio
610 2547 770 2593 aliisque.
812 2547 912 2593 Apud
934 2546 1146 2592 Aeschylum
1168 2541 1293 2593 πόρον
1313 2546 1356 2580 M.
1380 2546 1474 2592 Lips.
1497 2548 1586 2591 Aug.
1607 2552 1642 2581 ct

165 2602 326 2648 plerique
348 2602 437 2637 libri.
479 2597 638 2651 τρόπων
656 2602 694 2637 G.
731 2597 880 2650 τρόπον
895 2603 994 2637 Cant.
1020 2603 1050 2637 I.
1086 2613 1145 2651 γρ.
1164 2597 1312 2650 τρόπον
1327 2602 1459 2636 Arund.
1494 2597 1643 2651 πόρους

166 2658 295 2692 nullus.
337 2658 533 2692 Prudenter
549 2657 818 2693 Scliolesieldius
842 2658 892 2693 vix
914 2658 998 2693 satis
1017 2657 1070 2692 vel
1093 2668 1238 2692 caussae
1255 2668 1334 2692 esse
1350 2657 1404 2692 vel
1420 2658 1641 2693 auctoritatis

166 2712 297 2748 habere
319 2714 546 2749 sclioliastam
568 2713 813 2760 Aristophanis
836 2719 871 2749 et
893 2713 1132 2749 Marcellinum
1154 2713 1304 2754 censuit,
1328 2719 1366 2748 ut
1387 2708 1536 2761 πόροι-ς
1556 2724 1643 2759 pro-
