1878 3115
621 199 677 231 AD
703 198 1011 232 PROMETHEVM
1037 198 1249 232 VINCTVM.
1597 192 1674 230 143

195 307 313 337 autem
340 301 508 348 ponderis
530 302 564 336 in
586 302 651 337 hac
673 301 844 337 brevitate
867 308 941 343 est,
965 313 1007 337 eo
1029 303 1143 337 minus
1164 302 1321 337 miranda
1344 307 1399 337 est
1419 302 1570 337 inversio
1591 314 1678 338 στι-

190 354 411 404 χομτθτάς,
433 364 471 392 ut
493 358 621 393 dehine
642 369 712 393 non
735 358 929 393 Mercurius
951 358 1175 399 Prometheo,
1199 358 1262 392 sed
1283 358 1516 393 Prometheus
1538 358 1679 393 Mercu—

195 414 246 447 rio
269 413 496 459 respondeat.

308 469 401 505 985.
432 469 471 503 In
500 464 722 504 ἐκδιδάσκει
754 469 889 503 litteras
919 465 970 502 κδ
990 480 1008 503 a
1029 470 1249 510 recentiore,
1282 465 1361 504 δασ
1381 480 1399 504 a
1421 480 1494 504 sec.
1517 481 1622 504 manu
1644 469 1676 504 in

193 523 298 558 litura
319 523 425 558 habet
446 524 492 558 M.

309 580 401 616 987.
433 574 665 627 προσῃῢδον
686 578 724 613 G.
748 578 842 624 Lips.
960 571 1048 613 ἕνθ’
1072 578 1117 612 Μ.

308 636 400 670 990.
433 628 489 674 [ὃς
515 629 643 667 παῖδά
671 645 719 679 με
750 633 794 667 Μ.
829 634 868 667 G.
892 633 958 667 vit.
982 633 1076 679 Lips.
1100 633 1200 668 vind.
1225 634 1262 669 2.
1286 635 1322 669 4.
1364 628 1420 676 [ὃς
1439 630 1556 669 παῖδ’
1581 628 1677 670 ὄντα

193 700 242 736 με
272 689 371 723 vind.
401 690 433 724 1.
458 690 494 725 3.
526 688 606 723 edd.
638 700 774 723 omnes.
817 683 900 723 ἄντ’
925 684 992 734 ἐμὲ
1013 689 1090 723 Par.
1113 688 1152 723 E.
1195 688 1282 723 lllud
1304 689 1451 729 mirum,
1477 691 1570 736 qiiod
1593 691 1676 725 nulli

194 744 370 779 editorum
399 755 589 785 numerus,
623 744 681 789 qui
711 744 745 778 in
765 744 905 790 vulgata
927 744 1102 790 scriptura
1125 750 1199 785 est,
1232 745 1419 780 offensioni
1449 746 1531 786 suit,
1571 757 1677 791 quum

193 799 403 846 praesertim
425 799 596 834 omissum
616 799 651 833 in
668 799 712 834 M.
730 799 877 846 aliisque
899 799 1082 835 codicibus
1098 800 1323 846 participium
1339 801 1531 836 admonere
1548 807 1680 847 potue—

193 855 238 890 rit
259 855 445 901 scripsisse
466 855 680 901 Aeschylum
702 848 798 897 ὥςτε
819 850 946 890 παῖδά
965 867 1027 901 με.

308 911 400 946 991.
433 907 497 945 καὶ
520 906 574 946 ἔτι
596 910 640 945 Μ.
664 910 751 956 (non
773 906 925 957 xal'n)
947 911 986 945 G.
1005 911 1072 946 Vit.
1091 911 1186 958 Lips.
1205 911 1285 946 edd.
1301 916 1386 947 vett.
1422 905 1511 946 κᾶτι
1528 912 1680 947 Valcke-

194 966 311 1000 narius
333 966 377 1001 ad
397 965 501 1012 Hipp.
525 967 618 1002 914.
734 963 851 1001 τοῦδε
872 966 939 1001 vit.

307 1022 399 1058 992.
431 1020 668 1056 πετσεΐσθαι
697 1021 742 1055 Μ.
773 1022 812 1056 G.
842 1022 937 1068 Lips.
968 1021 1046 1056 Par.
1070 1022 1107 1056 B.
1132 1021 1212 1057 edd.
1234 1027 1319 1057 vett.
1366 1017 1588 1058 πεύσεσθαι
1610 1023 1678 1058 Yit.

195 1076 294 1111 Goth.
320 1078 351 1112 l.
376 1082 410 1112 et
431 1077 466 1111 in
493 1088 562 1123 quo
584 1078 623 1111 εἴ
637 1077 920 1123 superscriptiun
942 1077 1019 1112 Par.
1037 1077 1076 1113 D.
1112 1077 1323 1113 πεσεῖσθαι
1344 1078 1431 1113 Ven.
1451 1079 1486 1115 3.
1510 1084 1545 1114 et
1566 1090 1681 1125 quan-

195 1138 267 1167 tum
290 1132 486 1168 Brunckius
508 1133 682 1179 dispicere
704 1138 845 1179 poterat
866 1133 944 1168 Par.
965 1135 1006 1168 A.

307 1189 400 1224 993.
430 1183 605 1235 μηχάνμ)
629 1188 725 1234 Lips.

307 1244 401 1280 994.
432 1239 729 1293 προστρέψεται
750 1243 817 1278 vit.
835 1243 914 1278 Par.
933 1243 970 1278 C.
1007 1243 1141 1278 Eodem
1157 1243 1263 1278 modo
1283 1255 1390 1290 quum
1406 1239 1678 1293 προτρέψεται

194 1299 228 1333 in
250 1298 293 1333 Μ.
316 1299 497 1334 recentior
517 1310 642 1333 manus
663 1304 848 1339 mutasset,
872 1299 1061 1345 adscripsit
1082 1299 1116 1334 in
1137 1300 1295 1345 margine
1317 1294 1476 1348 προτρέ.

309 1355 402 1390 996.
451 1351 685 1389 afflatos-00.
714 1354 758 1389 Μ.
790 1354 1097 1389 vindobonenses.
1154 1350 1387 1389 αἷθάλοτσα
1418 1355 1457 1389 G.
1489 1355 1554 1389 vit.
1584 1355 1678 1401 Lips.

195 1409 293 1444 Ress.
317 1409 396 1445 edd.
418 1414 503 1445 vett.
553 1405 809 1444 αἶθάλλουσα
833 1410 911 1444 Par.
929 1411 969 1445 A.
994 1409 1092 1444 Goth.
1115 1411 1151 1446 2.
1193 1421 1254 1458 γρ.
1278 1407 1528 1458 αἷθεροῦσσα
1557 1422 1678 1456 margo

195 1465 240 1500 M.
271 1477 290 1500 a
320 1477 393 1501 sec.
422 1477 540 1501 manu.
584 1461 842 1501 αἷθαλοῦσσα
863 1465 1114 1501 Valckenarius
1144 1466 1187 1501 ad
1208 1466 1342 1501 Phoen.
1368 1466 1459 1502 524.
1484 1470 1519 1501 et
1540 1466 1589 1501 sic
1613 1466 1679 1500 iam

196 1522 381 1556 CanteruS.

308 1578 401 1613 997.
433 1571 711 1625 λευκοπτέροις
739 1572 783 1612 δέ
809 1571 946 1626 νιᾳάσι
979 1576 1078 1611 Colb.
1108 1578 1141 1612 1.
1172 1576 1249 1612 Par.
1272 1576 1311 1611 E.
1344 1582 1380 1612 et
1409 1577 1615 1612 adnotatum
1645 1577 1679 1611 in

195 1631 272 1666 Par.
296 1631 334 1667 B.
448 1627 727 1679 βροντήμασιν
748 1632 814 1667 vit.
871 1633 986 1667 Ceteri
1016 1627 1291 1679 βροντήμασι,
1319 1639 1464 1679 praeter
1492 1633 1590 1667 Bcss.
1622 1633 1680 1679 qui

193 1682 443 1737 βροντήματι
465 1687 585 1722 hahet.
626 1698 687 1737 γρ.
710 1683 1004 1737 ἕκβροντήμασι
1028 1688 1104 1722 Par.
1128 1688 1165 1722 B.

306 1743 345 1778 In
367 1743 406 1778 G.
429 1743 497 1778 hoc
520 1743 643 1777 ordine
664 1754 787 1778 versus
808 1743 915 1789 positi
938 1749 1031 1784 sunt,
1057 1744 1149 1780 998.
1173 1745 1266 1780 997.
1291 1744 1383 1780 999.
1407 1743 1471 1778 sed
1492 1743 1679 1790 adscriptis

194 1798 352 1833 numeris
375 1810 400 1832 α
418 1797 449 1844 β
469 1809 493 1846 y
512 1798 650 1832 restitui
671 1798 785 1833 iustus
808 1798 896 1833 ordo
918 1798 1072 1833 iubetur.

309 1854 402 1889 998.
428 1849 615 1900 χθονίοις
644 1865 735 1888 unus
765 1854 1037 1888 scholiastarum
1067 1865 1139 1888 non
1169 1854 1212 1888 ad
1232 1848 1511 1901 βροντήμασιν
1531 1854 1678 1893 rettulit,

196 1908 259 1943 sed
287 1908 395 1943 voluit
426 1909 468 1943 de
496 1908 698 1943 hominibus
728 1909 860 1944 dietum
890 1920 982 1944 esse.
1032 1909 1220 1944 Hominum
1249 1921 1312 1945 cur
1332 1910 1389 1944 hic
1411 1911 1543 1944 mentio
1566 1910 1678 1949 lieret,

196 1975 321 1999 caussa
343 1964 439 1998 nulla
461 1969 548 2005 erat,
571 1965 782 2010 praesertim
804 1965 837 1999 in
859 1965 940 2000 loeo
963 1965 1119 2000 deserto.

309 2020 402 2056 999.
434 2015 578 2067 γνάψει
611 2019 776 2054 Cantabr.
808 2020 907 2055 Goll).
936 2022 968 2056 1.
999 2026 1034 2055 et
1061 2033 1089 2067 μ
1115 2031 1220 2067 supra
1243 2019 1423 2066 adscripto
1446 2020 1490 2054 M.
1531 2015 1679 2068 γράψει

196 2075 291 2121 Lips.
313 2075 391 2110 Par.
414 2074 453 2109 D.
494 2070 648 2122 γάμψει
670 2075 748 2110 Par.
773 2076 809 2110 C.
928 2071 986 2111 ἵτε
1008 2087 1073 2122 pro
1096 2070 1192 2118 ὥςτε
1216 2077 1255 2110 G.
1354 2071 1523 2124 φράσειν
1544 2076 1587 2110 Μ.
1612 2076 1678 2110 Vit.

196 2130 297 2166 vind.
322 2132 357 2167 2.
400 2126 597 2180 ([ράσσειν
618 2131 717 2166 Goth.
739 2133 772 2167 1.
795 2132 873 2166 Par.
893 2131 931 2166 E.
975 2127 1161 2181 φράζειν,
1185 2131 1430 2178 superscripto
1453 2143 1516 2176 σσ,
1539 2132 1616 2166 Par.
1640 2131 1678 2166 l).

312 2188 429 2222 1001.
461 2199 531 2221 νυν
550 2186 594 2221 M.
637 2188 706 2222 νῦν
727 2188 765 2221 G.
788 2187 855 2222 Vit.
878 2187 973 2233 Lips.
996 2188 1072 2222 Ald.
1095 2187 1184 2221 Roh.
1225 2182 1294 2221 νὺν
1314 2187 1420 2221 Turn.

313 2243 430 2277 1002.
463 2231 494 2276 εὖ
516 2243 595 2275 παῖ
617 2242 661 2276 Μ.
684 2242 848 2288 idemque
872 2253 912 2277 ex
933 2243 1010 2277 Par.
1029 2243 1065 2277 C.
1090 2242 1247 2277 affertur.
1364 2238 1427 2276 καὶ
1452 2242 1579 2276 omittit
1602 2242 1679 2276 Par.

198 2296 235 2330 C.
352 2286 481 2330 ὦπται
504 2292 552 2343 δὴ
574 2298 716 2341 ταῦτα,
739 2294 802 2331 καὶ
824 2293 1088 2343 βεβὌύλενται
1110 2292 1234 2331 πάλαι
1256 2294 1345 2331 Roh.

316 2352 431 2387 1003.
463 2346 666 2397 τόλμησον
685 2348 781 2387 ποτὲ
802 2352 897 2398 Lips.

316 2407 432 2441 1004.
465 2404 597 2448 καλῶς
615 2418 680 2452 pro
703 2401 843 2455 ὀρθῶς
862 2407 995 2442 Aruud.
1018 2407 1096 2441 Par.
1121 2407 1157 2442 C.
1181 2412 1217 2441 et
1238 2407 1443 2441 adnotatum
1466 2407 1499 2441 in
1521 2407 1599 2442 Par.
1622 2407 1660 2442 B.

315 2462 432 2497 1005.
463 2472 512 2507 με
535 2462 665 2496 omittit
685 2462 752 2496 Vit.
774 2463 808 2497 in
831 2474 900 2508 quo
923 2458 994 2508 ἐμέ
1011 2468 1049 2497 ut
1071 2463 1256 2509 explicatio
1279 2462 1560 2509 superscriptum
1584 2468 1650 2498 est.

316 2517 432 2552 1006.
465 2512 677 2551 εἰσελθέτω
699 2529 740 2552 σε
761 2513 920 2565 fugarit?
946 2513 1000 2560 ὡς
1027 2530 1044 2553 a
1074 2530 1128 2564 pr.
1150 2530 1257 2553 manu
1278 2518 1321 2552 M.
1344 2519 1379 2552 in
1401 2518 1501 2553 cuius
1522 2519 1679 2564 margine

196 2567 252 2618 μή
275 2567 370 2607 πόθ’
396 2566 450 2613 ὡς
476 2582 493 2606 a
524 2572 724 2607 recentiore
745 2584 851 2608 manu
872 2573 1088 2620 adscriptum
1112 2580 1177 2608 est.
1225 2569 1439 2608 εἰσελθέτω
1460 2584 1502 2609 σε
1522 2570 1677 2621 μήποθ’

200 2622 256 2669 ὡς
277 2628 315 2663 G.
340 2627 402 2662 sed
423 2633 461 2662 ut
483 2627 583 2673 signo
606 2627 670 2662 sub
693 2624 737 2663 σὲ
755 2624 910 2676 μήποθ’
932 2629 1096 2675 apposito
1119 2630 1400 2676 superscriptum
1423 2624 1551 2665 ἔννοια
1572 2630 1678 2665 inseri

198 2682 372 2719 iubeatur.
422 2679 635 2719 εἰσελθέτω
656 2677 690 2719 (5³
715 2679 843 2720 ἔννοια
862 2680 1017 2733 μήποθ’)
1042 2679 1096 2727 ὡς
1115 2685 1211 2732 Lips.
1233 2685 1361 2732 aliique
1382 2685 1553 2721 nonnulli.
