1878 3115
730 199 786 230 AD
812 197 1082 231 EVMENIDES.
1564 191 1643 229 619

281 301 372 336 643.
404 295 628 349 τπερδικεις
665 312 683 336 e
720 302 965 342 correctione,
1003 307 1106 336 antea
1138 295 1355 350 ὑπερδικης
1390 302 1428 336 G.
1484 301 1579 336 Idem
1611 306 1647 335 et

166 355 243 390 Ald.
270 347 364 405 ὅρα).

281 388 373 446 644.
406 405 547 473 ξκχόας
566 411 642 446 Ald.

281 468 373 501 645.
407 463 486 501 ἔπει
512 460 541 501 τ’
565 461 674 513 ἐνάρ)
678 477 716 500 ε(
738 466 815 501 Ald.

283 523 374 557 647.
401 518 535 569 χέοιιξ
553 522 591 556 G.
609 494 686 556 Ald.
719 522 851 556 Deinde
873 517 1086 570 φρατέρων
1106 522 1150 557 Μ.
1174 522 1250 556 l‘ar.
1273 523 1361 568 Aug.
1386 523 1425 557 G.
1445 521 1528 557 Ven.
1553 520 1645 556 Flor.

167 577 244 612 Ald.
277 582 312 612 et
341 588 445 623 supra
476 577 655 623 adscripto
680 588 722 612 το
745 578 847 612 Furn.
900 573 1120 625 ([ρατόρων
1140 577 1229 612 Roh.
1253 577 1358 612 Turn.
1402 578 1440 612 V.
1463 578 1647 612 Buttman-

167 643 250 666 num
281 633 313 666 in
343 632 536 678 Mythologi
565 632 632 666 vol.
663 633 705 666 II.
737 638 773 667 et
803 634 842 668 G.
874 632 1089 667 Diudorlium
1119 633 1160 667 ad
1190 632 1371 679 Aristoph.
1402 633 1466 678 Eq.
1495 645 1525 667 ν.
1554 633 1646 668 255.

168 687 299 722 Deinde
320 683 581 735 προσδέξεται
604 691 692 733 Aug.
716 688 802 722 Ven.
819 687 896 722 Ald.
914 688 1020 722 Turn.
1044 693 1090 729 et,
1114 693 1154 722 ut
1174 688 1312 722 videtur
1332 689 1409 723 Par.
1431 688 1525 723 Flor.
1544 688 1647 722 Farn.

359 748 374 769 8

167 771 452 824 προσδέξαιται
475 774 514 809 G.
556 770 819 824 προσδέξαιτε
842 774 885 809 M.
909 775 1073 821 idemque
1096 775 1314 822 adscriptum
1335 776 1370 810 in
1392 775 1469 810 Par.
1519 786 1648 825 apua-

168 828 326 874 δέξαιτο
348 830 437 865 Roh.

282 888 373 922 649.
406 885 515 920 Recte
537 884 755 931 Musgravins
777 889 812 919 et
829 884 1018 920 Schmzius
1040 885 1268 920 scribendum
1288 886 1451 920 viderunt
1466 879 1489 933 ἡ
1508 883 1650 932 κεκλη-

167 938 288 989 μένη,
320 947 355 976 et
376 941 444 976 hoc
466 940 599 975 habent
619 940 705 974 Ven.
728 940 947 983 F101u1Fa1—n.
995 935 1019 988 ἡ
1050 937 1291 988 κεκλημένου
1321 941 1365 976 M.
1397 941 1435 975 G.
1459 941 1535 975 Ald.
1559 940 1648 975 Rob.

168 998 274 1033 Turn.
315 999 405 1043 Apte
428 996 617 1031 Schutzius
639 995 756 1030 attulit
777 995 859 1030 Eur.
881 996 956 1030 Alc.
973 1008 1003 1030 v.
1018 997 1110 1032 648.
1134 990 1221 1030 οὐδ’
1242 991 1265 1043 ἡ
1288 997 1412 1031 τεκεῖν
1434 989 1651 1044 φάσκουσα

169 1049 234 1087 καὶ
257 1048 473 1099 κεκλημένη
493 1045 626 1099 μήτηρ
647 1044 688 1097 μ’
711 1045 855 1096 ἔτικτε,
887 1062 966 1086 cum
997 1056 1071 1086 tota
1093 1057 1210 1086 autem
1231 1052 1359 1086 horum
1378 1063 1544 1086 versuum
1567 1062 1649 1086 sen-

169 1109 277 1143 tentia
300 1107 516 1154 comparavit
537 1107 620 1141 Eur.
643 1106 696 1140 Ol.
719 1118 748 1140 V.
767 1107 857 1142 551.
875 1118 976 1153 seqq.
1000 1112 1035 1141 et
1056 1106 1180 1153 fragm.
1202 1107 1271 1142 inc.
1294 1107 1411 1142 LVIII.

284 1164 376 1199 650.
410 1156 633 1209 νεοσπάρου
655 1161 744 1196 Rob.

283 1220 374 1254 651.
407 1211 541 1266 ὥσπερ
564 1218 641 1251 Par.
697 1216 828 1251 Deinde
861 1212 949 1264 ξένη
980 1211 1076 1268 ξένῳ
1097 1218 1187 1264 Aug‘.
1210 1217 1273 1252 sed
1294 1217 1420 1252 litteris
1441 1209 1482 1262 β’
1505 1211 1530 1251 ά
1553 1216 1652 1251 ordi-

168 1285 249 1309 nem
271 1273 515 1308 invertendum
538 1284 617 1307 esse
639 1272 811 1307 indicans.

285 1330 376 1365 652.
410 1324 521 1377 ἔρνος
543 1328 598 1363 hic
622 1333 657 1362 et
678 1340 707 1362 v,
729 1329 820 1364 658.
844 1327 883 1362 G.
905 1327 982 1362 Ald.
1034 1327 1166 1363 Deinde
1194 1321 1339 1375 βλάψη
1361 1328 1415 1363 vel
1435 1321 1580 1376 βλάψῃ
1604 1327 1649 1362 Μ.

171 1386 209 1420 G.
232 1387 321 1431 Aug.
346 1385 429 1419 Ven.
453 1384 546 1419 Flor.
570 1384 646 1418 Ald.
669 1383 759 1418 Rob.
781 1383 887 1418 Turn.
926 1381 979 1429 βλ
984 1376 1079 1429 άψει
1100 1384 1179 1418 Pal.

285 1442 376 1476 653.
408 1433 619 1488 τεκμήριος
639 1438 716 1474 Ald.

284 1497 376 1531 654.
409 1487 991 1542 8060635105,([υἰᾳειιήσειεν
983 1494 1182 1541 adscripsit,
1205 1493 1291 1540 legit
1310 1487 1482 1542 μί’ναιτ.
1522 1495 1566 1528 At
1582 1493 1650 1527 hoc

173 1551 331 1586 deteiius
354 1557 409 1586 est
431 1562 533 1597 quam
558 1550 652 1596 quod
673 1549 753 1584 libri
774 1549 917 1590 hahent,
940 1543 1090 1597 γείοιτ).

286 1619 377 1653 656.
409 1617 558 1652 Versum
588 1616 762 1651 excidisse
791 1616 882 1650 indic
888 1627 939 1650 m
967 1616 1001 1650 in
1024 1616 1156 1662 Opusc.
1178 1616 1233 1650 VI.
1287 1627 1351 1662 ..p
1365 1616 1430 1651 90.
1463 1620 1497 1649 et
1518 1613 1652 1648 viderat

172 1674 241 1708 hoc
264 1673 440 1708 Butlerus.
490 1672 598 1707 Multo
621 1672 655 1706 id
676 1671 894 1718 probibilius
924 1676 979 1706 est
1009 1683 1112 1717 quam
1143 1617 1460 1718 quo1128chutzius
1490 1669 1648 1716 putabat,

173 1723 259 1763 οὐδ’
283 1729 317 1763 in
339 1728 522 1774 sequentis
544 1738 666 1762 versus
689 1727 786 1761 initio
808 1727 1015 1761 mutandum
1038 1738 1116 1762 esse
1140 1728 1173 1761 in
1195 1722 1280 1761 οὐκ.
1331 1726 1510 1761 Excidisse
1532 1730 1651 1759 autem

174 1784 310 1818 videtur
330 1795 452 1818 versus
475 1784 540 1817 hae
564 1782 750 1823 sententia,
776 1794 818 1818 eat
841 1784 958 1827 capite
978 1784 1078 1817 Iovis
1101 1790 1245 1818 armata
1262 1783 1474 1828 prosiliens.

287 1851 378 1886 658.
412 1843 574 1883 ἀλλοῖον
595 1849 633 1882 G.
749 1843 858 1882 πέκοι
880 1847 966 1882 Ven.

287 1907 378 1941 659.
411 1898 475 1939 ὅσ)
499 1916 563 1950 pro
587 1898 640 1946 ὡς
662 1904 700 1938 G.
732 1897 775 1945 ὃς
795 1903 872 1937 Ald.

287 1963 378 1997 661.
411 1954 539 2006 δόμον
558 1962 646 2005 Aug.
765 1960 857 1994 662.
883 1952 1034 2007 χρόνον
1052 1960 1142 2005 Aug.

287 2018 378 2052 664.
410 2009 498 2051 τάδ’
523 2012 671 2056 αἷαιίῦς
701 2015 744 2049 Μ.
767 2016 855 2060 Aug.
880 2014 964 2049 Vcn.
988 2014 1081 2049 Flor.
1105 2015 1210 2049 Turn.
1241 2020 1276 2049 et
1306 2026 1324 2049 e
1354 2015 1578 2050 correctione
1609 2016 1648 2050 G.

172 2066 222 2106 τὰ
253 2066 301 2106 δι’
325 2069 470 2112 αῗῶνος
498 2076 579 2105 ante
610 2070 871 2105 correctionem
901 2070 940 2105 G.
981 2064 1070 2105 τάδ’
1094 2067 1239 2112 αἰῶνος
1267 2070 1343 2104 Ald.
1373 2070 1461 2105 Rob.
1518 2070 1650 2105 Deinde

170 2123 290 2173 μένει,
313 2127 376 2162 sed
397 2131 569 2161 mutatum
591 2126 625 2160 in
645 2122 769 2171 μένοι,
793 2126 832 2160 G.

287 2184 379 2218 665.
411 2177 461 2217 τὰ
483 2176 604 2216 πιστὰ
626 2182 710 2215 Ven.
734 2180 815 2215 Flor
836 2181 941 2215 Turn.
990 2175 1021 2215 τ’
1047 2173 1197 2215 ἄπιστα
1218 2180 1262 2214 M.
1285 2182 1375 2226 Aug.
1398 2181 1437 2215 G.
1459 2181 1536 2215 Ald.
1560 2181 1648 2215 Roh.

288 2239 379 2273 666.
412 2230 584 2270 κελεύσω
606 2236 680 2270 sola
703 2235 811 2285 noh.»
889 2229 1003 2270 τάσδ’
1021 2235 1123 2269 Farn.
1165 2229 1316 2279 τούσδ’,
1340 2246 1446 2281 supra
1468 2236 1649 2282 adscripto

175 2304 233 2336 ας,
257 2293 350 2327 Flor.
466 2291 650 2336 Euripides
672 2291 705 2324 in
728 2291 811 2324 Ione
833 2302 863 2324 v.
892 2291 1006 2325 1313.
1040 2284 1169 2325 δεινόν
1188 2301 1250 2337 γε,
1281 2288 1449 2337 θνητοῖς
1468 2285 1562 2332 τοὺς
1582 2286 1650 2325 νό-

173 2359 276 2394 poi-g
293 2343 347 2389 ὡς
368 2340 413 2380 οὐ
437 2344 569 2387 καλῶς
593 2341 745 2392 ,ἔθηκεν
765 2340 784 2380 ὁ
807 2339 924 2389 θεός,
956 2338 1041 2378 οὐδ’
1064 2339 1143 2379 ἀπὸ
1174 2339 1335 2392 γνώμης
1363 2346 1503 2394 σοφῆς.
1552 2346 1650 2381 Vnde

174 2403 413 2438 Blomfieldius
436 2401 491 2436 hic
514 2398 670 2442 &manag
691 2400 917 2435 sumendum
941 2410 1019 2434 esse
1042 2401 1255 2446 suspicatul.

290 2460 381 2494 670.
415 2449 603 2504 ἄμορφος
622 2456 707 2490 Ven.
730 2456 806 2490 Ald.
849 2455 919 2490 Sed
942 2455 980 2489 G.
1003 2460 1042 2489 nt
1064 2456 1173 2490 ceteri
1195 2449 1399 2519 άᾚιιομᾳος.

290 2515 382 2549 671.
413 2506 613 2558 ἤκοῑσαθ)
637 2523 692 2546 ων
718 2504 906 2558 ἠκούσατ’
930 2510 979 2545 sic
1002 2512 1042 2545 G.
1090 2504 1245 2557 ἤκουσα
1273 2506 1315 2544 θ
1349 2506 1403 2545 ὡν
1430 2503 1586 2558 ηκουσα
1614 2506 1646 2547 τ’

176 2569 252 2604 Ald.
293 2561 493 2615 ἠκούσαθ’
517 2561 571 2608 ὡς
590 2560 781 2613 ἤκουσατ’
804 2566 890 2601 Ven.
915 2566 1021 2606 (teste
1043 2566 1461 2612 Bekke10)F101-.Fa1n.

291 2625 383 2660 672.
417 2618 599 2657 αἰδεῖσθε
620 2624 709 2668 Aug.
733 2622 772 2656 G.
795 2621 880 2656 Vcn.
904 2621 997 2656 Flor.
1020 2621 1096 2656 Ald.
1119 2621 1224 2656 Turn.
1275 2618 1481 2657 αἰδεῖσθαι
1503 2621 1591 2657 Rob.
1615 2628 1649 2658 et

178 2680 220 2714 ad
242 2679 398 2714 ultimam
421 2677 588 2724 syllabam
611 2688 716 2724 supra
738 2677 918 2724 adscripto
941 2688 955 2711 ε
978 2676 1021 2711 Μ.
