1878 3115
601 198 656 229 AD
683 197 990 231 PROMETuEx'M
1016 197 1228 231 VINCTVM.
1579 190 1657 228 149

174 299 228 335 rel
255 299 423 335 iudicium
451 299 639 347 significari
663 301 900 336 censebimus.
943 302 1027 336 Nam
1049 301 1320 342 Themistocles,
1343 305 1382 335 ut
1405 300 1579 336 Diodorus
1602 301 1656 336 Xl.

177 357 240 391 54.
271 355 414 397 scribit,
450 367 556 402 quum
587 357 798 403 proditionis
827 363 1037 398 aecusatus,
1069 358 1132 392 sed
1154 357 1275 392 insons
1297 356 1484 397 iudicatus,
1508 357 1656 391 multum

174 411 327 458 polleret
348 411 494 446 Athenis
509 439 516 451 ,
547 423 626 446 mox
649 412 701 447 01.
724 412 881 447 LXXVII.
908 414 943 449 2.
967 413 1179 447 ostracismo
1201 413 1236 447 in
1258 412 1416 447 exsilium
1439 417 1493 447 est
1514 413 1655 453 missus,

174 478 255 502 mox
275 472 391 501 autem
414 467 541 501 iterum
563 467 720 502 eiusdem
742 467 897 507 criminis
918 479 983 513 per
998 468 1299 503 Lacedaemonios
1321 479 1403 503 reus
1427 468 1540 503 factus
1556 468 1657 514 Argis

174 522 217 557 ad
239 522 424 557 Admetum
454 533 574 568 regem
596 522 831 557 Molossorum
862 523 1032 568 confugit.
1075 522 1145 557 Sed
1166 524 1233 557 iam
1254 530 1335 558 ante
1359 523 1516 558 exsilium
1539 523 1658 558 Timo-

175 589 283 612 creon
298 577 455 612 Rhodins
478 588 569 617 cum,
598 578 692 623 quod
716 588 765 618 se,
789 578 966 623 hospitem
989 589 1103 618 suum,
1126 579 1353 624 prodidisset,
1377 584 1416 613 ut
1437 579 1656 625 proditorem

173 633 427 679 perstrinxerat
456 632 633 673 versibus,
672 644 762 678 qnos
793 633 828 666 111
859 633 926 667 vita
957 633 1032 667 eius
1055 644 1133 680 cap.
1159 634 1222 669 21.
1255 634 1403 668 servavit
1432 634 1655 674 Plutarchus,

174 688 356 735 appessans
423 681 427 683 ’

373 737 568 789 ψεύσταν,
592 736 743 786 ἄδικον,
765 737 982 791 προδόταν,
1005 736 1050 785 ὃς
1075 739 1349 793 Τιμοκρέοντα
1371 741 1496 786 ξεῖνον
1517 738 1628 787 ἐόντ’,

371 793 577 846 ἀργυρίοις
596 796 898 843 σκνβαλικτοῖσι
921 795 1112 844 πεισθείς,
1136 794 1181 834 οὐ
1204 800 1376 847 κατᾶγεν

374 850 429 895 εἷς
448 849 606 903 πάτραν
623 848 817 888 Ἰάλτσον.

174 908 378 943 Cuiusmodi
398 909 522 955 privati
541 909 693 944 hominis
715 909 889 955 proditio,
914 920 1003 956 quae
1026 909 1224 944 descrendo
1247 910 1360 944 amico
1383 909 1439 950 fit,
1463 910 1579 957 aptius
1601 910 1657 944 hic

175 970 360 999 notaretur
388 976 492 1011 qnam
521 965 675 1011 proditio
698 965 748 999 rei
769 964 952 1011 publicae:
985 976 1050 1000 nec
1073 965 1236 1011 profecto
1259 965 1457 1000 mirandum
1480 972 1596 1006 esset,
1630 966 1658 1000 si

174 1019 396 1054 sermonibus
417 1020 685 1055 Atheniensium
706 1020 831 1055 iactata
855 1032 899 1055 nc
921 1021 1098 1056 scenicam
1122 1021 1262 1067 quidem
1283 1022 1657 1056 commemorationem

175 1076 370 1121 effugisset.

291 1133 408 1167 1073.
440 1131 525 1165 Post
546 1126 662 1173 νόσος
680 1131 775 1177 Lips.
799 1131 894 1166 addit
909 1127 1067 1180 χείρων.

292 1188 409 1222 1075.
442 1187 618 1221 Personae
641 1192 760 1221 notam
784 1187 951 1221 omittunt
972 1187 1016 1221 M.
1041 1187 1135 1233 Lips.

287 1235 341 1277 ὅτ’
367 1237 442 1290 ἐγώ
463 1242 595 1276 Arund.
619 1242 713 1287 quod
736 1242 801 1276 erit
823 1242 974 1276 sortasse
997 1242 1055 1288 qui
1078 1242 1337 1277 defendendum
1360 1241 1517 1288 putabit:
1541 1242 1604 1276 sed
1627 1242 1658 1276 ei

175 1297 343 1343 exemplis
372 1308 461 1344 opus
493 1298 577 1337 crit,
607 1297 641 1331 in
671 1297 798 1343 quibus
825 1296 1057 1345 μεμνῆσθαι
1087 1291 1151 1333 ὅτε
1183 1309 1263 1332 cum
1284 1303 1473 1344 praesente
1497 1304 1657 1344 tempore

176 1358 421 1388 constructum
453 1353 516 1393 sit,
550 1353 664 1398 qualia
693 1353 777 1387 mihi
807 1353 947 1399 quidem
978 1364 1048 1387 non
1079 1353 1215 1387 suntin
1237 1358 1417 1399 promptu.
1460 1346 1561 1388 ἅττα
1583 1348 1659 1400 ἐγὼ

176 1408 264 1443 Rob.
314 1402 397 1443 ἅττ’
422 1404 496 1456 ἐγώ
526 1408 623 1443 Bess.
654 1408 730 1443 Ald.
764 1409 851 1443 Vici.
880 1408 978 1443 Cant.
1029 1401 1088 1443 ἅτ’
1113 1404 1188 1456 ἐγὼ
1217 1409 1260 1443 M.
1292 1408 1357 1452 (sic
1388 1408 1432 1443 M.
1464 1420 1532 1443 non
1571 1402 1655 1443 ἅττ’

175 1460 265 1512 ἐγώ)
289 1464 327 1499 G.
350 1464 416 1498 vit.
440 1464 534 1510 Lips.
557 1464 634 1499 Par.
652 1465 691 1498 A.
715 1464 752 1498 B.
776 1464 814 1498 E.
838 1464 874 1498 F.
898 1464 936 1498 N.
967 1464 1052 1498 Vcn.
1079 1466 1113 1500 3.
1165 1457 1203 1508 ἅ,
1227 1459 1256 1499 τ’
1282 1459 1357 1511 ἐγώ
1386 1464 1491 1499 Turn.
1542 1457 1567 1498 ἃ
1585 1458 1659 1511 'yso

176 1520 366 1560 I‘orsonus,
391 1531 495 1566 quein
517 1525 661 1554 secutus
684 1525 738 1554 est
755 1519 1004 1560 Blomfieldius,
1023 1520 1113 1554 male
1134 1520 1192 1554 illc
1214 1520 1481 1566 reprehendens
1498 1520 1657 1554 Parriuni

176 1569 200 1609 ἅ
223 1570 254 1622 γ’
280 1570 354 1622 ἐγώ
377 1575 624 1610 coniicientem
648 1581 682 1610 et
704 1575 762 1621 qui
784 1575 865 1610 huie
888 1586 1056 1610 assensus
1079 1580 1134 1610 est
1154 1575 1378 1615 Elmsleium,
1404 1576 1483 1622 quia
1506 1587 1549 1610 ne
1572 1576 1657 1609 satis

176 1632 309 1666 Graece
327 1630 467 1676 quidem
490 1631 539 1665 sic
562 1631 629 1666 dici
651 1630 908 1666 arbitrabatur:
933 1642 1010 1665 nam
1033 1642 1073 1679 γε
1095 1642 1166 1666 11011
1186 1643 1294 1677 posse
1317 1631 1382 1665 nisi
1403 1637 1486 1678 post
1505 1626 1659 1677 μέμνη-

175 1685 251 1721 σθέ
282 1686 461 1721 collocari.
520 1687 557 1720 ln
589 1698 658 1733 qno
689 1698 759 1721 non
789 1687 904 1721 minus
926 1687 996 1721 salli
1018 1687 1173 1727 videtur,
1208 1698 1312 1733 quam
1335 1698 1442 1732 quum
1463 1687 1604 1732 negavit
1625 1686 1658 1720 in

177 1742 366 1788 Sophoclis
388 1742 563 1787 Antigona
583 1754 614 1776 v.
639 1743 731 1778 207.
755 1742 860 1777 scribi
883 1743 1044 1788 potuisse
1076 1736 1235 1777 κοῦποτ’
1261 1737 1302 1777 ἔκ
1322 1737 1353 1789 γ’
1379 1738 1490 1788 ἐμοῦ.
1531 1742 1659 1776 Exem—

176 1797 314 1844 plorum
338 1809 427 1843 qnae
450 1797 635 1831 Elmsleius
657 1798 700 1832 ad
720 1797 943 1843 probandum
966 1791 990 1831 ἱὶ
1013 1792 1044 1845 7²
1064 1792 1140 1845 ἐγώ
1162 1797 1290 1838 attulit,
1322 1808 1430 1832 unum
1451 1798 1518 1832 hoe
1537 1802 1658 1843 aptum

180 1858 235 1887 est
256 1852 369 1887 Aiacis
391 1864 421 1886 v.
448 1854 538 1888 535.

377 1902 461 1942 ἀλλ’
487 1898 556 1942 οὖν
576 1902 847 1957 Sy(1)³spz'·).a}a
870 1903 986 1943 Τοῦτό
1009 1902 1040 1955 7³
1066 1901 1261 1958 o'cpze'oast

178 1963 226 1997 Ex
248 1974 317 2008 quo
339 1963 545 2009 intelligitur
566 1963 683 1998 dicere
704 1963 864 2009 potuisse
881 1963 1094 2009 Aeschylum
1112 1958 1196 1997 ἀλλ’
1216 1959 1287 1997 οὖν
1300 1957 1509 2009 μέμνησθε
1527 1956 1655 1997 ταῦτά

177 2030 231 2066 γε,
254 2014 280 2053 ἂ
300 2015 492 2067 προλέγω.
532 2019 637 2065 Atqui
661 2030 767 2064 quum
791 2012 815 2053 ἅ
838 2030 902 2065 pro
925 2020 1055 2054 ταῦτα
1076 2011 1101 2053 ἅ
1124 2018 1271 2059 dieitur,
1295 2030 1366 2052 non
1389 2018 1476 2052 alius
1498 2017 1658 2064 particu-

177 2074 230 2109 lae
253 2074 352 2109 locus
374 2074 546 2121 assignari
567 2080 688 2120 potest
710 2086 813 2120 quam
835 2080 918 2121 post
940 2067 977 2109 ἅ.
1015 2074 1129 2117 Quare
1147 2068 1171 2109 ἅ
1188 2069 1219 2122 y'
1239 2069 1314 2121 ἐγώ
1330 2069 1509 2121 προλέγω
1526 2073 1657 2120 recepi.

177 2129 263 2164 Nam
285 2123 352 2165 ἅτε
374 2130 441 2165 dici
462 2142 533 2165 non
554 2131 714 2176 potuisse
737 2136 873 2165 certum
897 2135 963 2165 est.
1001 2130 1039 2164 V.
1057 2130 1169 2176 praes.
1192 2130 1235 2165 ad
1258 2129 1368 2176 Soph.
1388 2129 1473 2164 Ocd.
1492 2129 1532 2163 n.
1555 2141 1589 2175 p.
1603 2128 1658 2163 vl.

177 2185 322 2221 Temere
345 2186 437 2220 enim
459 2185 648 2220 oblocutus
672 2191 726 2220 est
746 2185 984 2220 Wcllauerus.

296 2242 412 2278 1076.
443 2240 706 2290 παραθήσω,
728 2241 791 2275 sed
813 2240 1058 2287 superscripto
1080 2240 1214 2286 primae
1237 2239 1391 2285 syllabae
1414 2238 1484 2286 θη,
1507 2239 1546 2273 G.

295 2298 412 2332 1077.
444 2292 677 2342 πέμψοισθε
700 2301 734 2330 et
755 2291 898 2330 ei'nozff
925 2296 963 2330 G.
988 2300 1023 2329 et
1044 2295 1099 2329 alii
1121 2295 1293 2329 nonnulli.

297 2353 413 2387 1078.
446 2346 465 2385 ‹‘›
489 2362 552 2397 pro
575 2346 629 2393 (ὃς
649 2351 743 2396 Lips.
767 2357 801 2385 et
824 2351 878 2385 alii
901 2350 1071 2385 nonnulli.
1166 2345 1274 2397 ἡμᾶς
1295 2350 1333 2384 G.
1353 2354 1387 2384 et
1409 2349 1464 2383 alii
1486 2348 1657 2384 nonnulli.

178 2401 297 2453 ὑμᾶς,
320 2406 562 2452 superscripto
587 2418 621 2452 1j,
643 2406 737 2451 Lips.

298 2463 414 2497 1079.
445 2457 647 2506 εἰσέβαλεν
668 2462 711 2495 M.
736 2460 899 2495 Gantabr.
929 2462 960 2496 l.
1002 2455 1179 2505 dmssah
1203 2461 1241 2494 G.
1264 2460 1331 2494 vit.
1354 2459 1449 2506 Lips.
1471 2459 1550 2494 edd.
1573 2464 1657 2494 vett.

180 2513 407 2563 &affulta
427 2516 525 2551 1:011».
545 2518 580 2552 2.
622 2512 824 2562 εῗσήῖαλλε
846 2516 945 2551 13055.
985 2511 1159 2561 ὑπέβαλε
1182 2516 1291 2551 Mose.
1317 2517 1347 2551 l.

291 2568 346 2620 μὴ
370 2568 416 2607 δέ
433 2568 463 2607 τ)
490 2572 528 2607 G.

297 2629 413 2664 1080.
446 2622 592 2669 αὐτοὺς
613 2628 652 2661 G.

296 2684 413 2721 1081.
445 2680 508 2718 καὶ
540 2678 612 2718 οὐκ
641 2683 684 2718 Μ.
708 2682 774 2717 vit.
803 2682 899 2729 Lips.
932 2681 1019 2718 Rob.
1051 2681 1329 2729 adnotatumque
1350 2681 1385 2717 in
1406 2682 1483 2718 Par.
1506 2681 1543 2716 B.
1574 2676 1658 2727 οὐκ,
