1878 3115
184 187 259 226 164
754 189 810 221 DE
837 186 1084 220 Eaaonlnvs

179 308 259 332 116111
288 295 473 331 Plutonem
510 304 589 328 611111
625 292 665 326 115
702 302 791 337 quae
821 290 863 325 de
892 290 1058 325 Tartesso
1087 287 1296 324 metallifero
1325 286 1428 322 ssuvio
1458 291 1658 333 acceperat.

178 353 310 387 Eadem
332 351 405 385 sere
428 350 452 384 1.
476 349 517 383 H.
540 347 655 382 Vossii
677 346 850 380 sententia
874 350 940 380 est.
982 344 1060 379 Sive
1083 344 1174 379 6111111
1196 343 1390 389 Aeschylus
1413 353 1516 389 quem
1538 342 1662 377 Pluto-

180 419 260 443 nem
291 411 394 440 vocat
424 416 463 439 ex
486 403 541 437 illa
564 402 653 437 sama
674 402 811 442 hausit,
836 411 925 447 quae
948 412 966 435 a
988 399 1087 435 Vibio
1111 399 1305 445 Sequestre
1326 410 1361 444 p.
1390 399 1449 433 15.
1471 397 1525 432 his
1546 397 1661 432 verbis

181 468 235 498 est
264 460 422 508 piodita‚
445 458 644 504 Arimaspa
675 459 793 503 yemis
816 457 1057 516 Scytharum,
1080 457 1176 490 unde
1197 466 1328 489 aurum
1349 453 1507 498 Scythae
1527 454 1663 499 leyunl,

182 518 251 552 sive
274 515 412 551 aliunde
434 513 555 560 petiit,
591 513 619 547 is
643 512 754 547 amnis
775 523 832 552 re,
864 522 934 546 non
957 511 1123 557 opinione
1144 509 1330 555 Aeschyli,
1366 509 1393 543 si
1416 508 1600 554 Gorgones
1621 507 1664 542 ad

182 572 404 607 occidentem
441 574 541 609 sunt,
578 568 764 603 Tartessus
796 572 869 607 est,
908 567 950 601 de
979 578 1049 612 quo
1081 566 1308 600 Stesichorus
1339 563 1432 611 apud
1454 562 1665 598 Strabonem

184 628 241 662 III.
264 638 300 673 p.
330 626 417 661 148.

657 671 840 724 σχεδὸν’
820 672 1034 724 αντιπέραν
1054 674 1100 710 κ)
1104 676 1208 717 εινᾶς
1223 669 1438 723 Ἐρυθείας

357 734 601 783 Ταρτησσοῦ
620 734 806 779 ποταμοῦ
827 728 937 781 παρὰ
958 727 1088 779 πηγὰς
1108 726 1321 779 ἄπειρονας
1342 724 1603 788 ἀργυρορίζοι·
1608 739 1638 771 ς.

185 793 235 828 Ibi
263 797 359 828 certe
384 791 567 835 Gorgones
588 788 709 835 posuit
730 788 874 823 Tzetzes
897 787 939 822 ad
960 777 1579 834 [311οΡ111.633.Ῑ1.721.ὡ’ςπερ
1602 780 1667 818 καὶ

189 861 227 883 αι
250 841 380 895 I'09y'
363 856 446 887 ονες
467 842 507 880 ἐν
526 843 753 893 Ταρτησσῳ
775 845 845 890 τῆς
860 838 945 889 Ἶβι
950 839 1050 892 ριάς,
1073 854 1147 876 και]
1166 852 1268 883 τινες
1288 838 1327 876 ἐν
1349 839 1498 890 Ταρσω
1518 835 1670 880 ταύτας

189 897 285 938 εἶναι
316 898 477 949 λέγωσι·
510 906 545 934 61
566 900 661 933 adv.
687 900 779 936 838.
802 910 836 945 p.
863 899 953 934 825.
985 898 1027 932 dc
1050 898 1199 938 Perseo,
1231 891 1445 942 πετόμενος
1462 888 1627 943 5773&
1610 907 1655 930 επ

190 954 318 1000 αὐτὰς
351 952 424 998 τὰς
451 950 653 1003 Γορὶόνας
683 949 738 989 ἐπ
758 949 948 989 Ωκεανὸν
985 947 1109 994 οὔσας
1136 948 1223 1001 περὶ
1255 946 1370 987 πόὶιν
1394 946 1571 1001 Ἰβηρίας
1599 962 1671 997 την

180 1006 445 1062 ΔΤαρτησσόν.
488 1010 590 1053 Quod
610 1015 650 1044 ut
670 1010 727 1044 ille
750 1020 812 1044 sua
834 1020 875 1044 ex
896 1009 1101 1053 coniectura
1123 1008 1257 1048 dixerit,
1281 1012 1399 1042 tamen
1420 1007 1496 1053 ipse
1520 1005 1672 1041 Valcke-

190 1080 269 1109 rus,
302 1068 360 1114 qui
390 1077 470 1101 eum
500 1077 570 1100 non
599 1070 697 1100 16616
720 1065 769 1100 516
792 1065 989 1099 coniecisse
1011 1076 1045 1110 p.
1070 1064 1134 1100 46.
1158 1062 1359 1103 contendit,
1382 1061 1535 1097 iisdem
1528 1073 1562 1096 111
1582 1060 1672 1096 10615

191 1123 285 1170 apud
312 1121 503 1157 Hesiodum
532 1121 636 1155 sedes
658 1121 861 1166 Gorgonum
893 1131 971 1155 esse
1004 1119 1169 1154 concedit
1191 1130 1225 1165 p.
1254 1119 1314 1154 19.
1356 1117 1571 1164 Spanhemio
1593 1116 1674 1162 qui-

193 1179 272 1213 dem
302 1188 407 1212 nemo
438 1176 654 1211 assentietur
675 1175 717 1210 ad
739 1175 985 1221 Aristophanis
1008 1174 1098 1209 Plut.
1121 1186 1151 1208 ν.
1178 1175 1268 1210 727.
1293 1178 1328 1208 61
1349 1172 1392 1207 ad
1414 1171 1616 1207 Callimachi
1636 1172 1672 1206 h.

192 1234 265 1268 Deli
287 1245 317 1268 v.
337 1233 429 1268 291.
452 1232 637 1266 Plutonem
661 1230 763 1265 deum
787 1230 853 1265 dici
874 1230 1023 1276 putanti,
1043 1229 1137 1275 quod
1160 1224 1229 1264 τὸν
1249 1222 1350 1279 ᾅδου
1367 1223 1550 1275 ποταμὸν
1563 1222 1674 1274 Ἀχέ-

195 1300 317 1337 ροντα
337 1287 465 1323 habeat
488 1286 699 1321 scholiastes
721 1286 896 1332 Apollonii
919 1285 961 1320 ad
982 1285 1022 1319 Il.
1045 1286 1136 1321 353.
1160 1294 1373 1330 quamquam
1395 1283 1462 1318 alio
1483 1282 1590 1318 modo
1607 1283 1674 1317 ista

193 1345 263 1379 11116
284 1343 420 1378 rettulit
442 1343 466 1377 I.
490 1342 530 1376 Η.
555 1342 711 1376 Vossius.
755 1341 857 1384 Quod
879 1341 907 1375 si
929 1352 1074 1387 campos
1091 1340 1300 1386 Gorgoneos
1314 1339 1510 1385 Aeschylus
1531 1338 1565 1373 in
1587 1349 1675 1373 con—

195 1399 284 1434 1111115
316 1397 580 1444 septemtrionis
610 1402 646 1431 et
679 1396 874 1431 occidentis
897 1407 976 1431 esse
999 1396 1118 1435 voluit,
1142 1395 1277 1429 moneri
1299 1394 1454 1441 putanda
1476 1399 1530 1429 est
1550 1394 1600 1435 Io,
1622 1398 1673 1434 ut,

195 1454 255 1489 ubi
278 1453 520 1488 traiiciendum
543 1453 587 1486 sit
608 1451 735 1486 fretum
759 1452 901 1492 Oceani,
926 1457 1022 1486 trans
1044 1451 1173 1485 fretum
1195 1450 1280 1485 illud
1294 1449 1508 1485 Phorcidum
1531 1454 1566 1484 et
1585 1449 1676 1484 Gor-

197 1520 329 1556 gonum
359 1508 567 1554 adspectum
597 1507 725 1553 fugiat,
750 1507 799 1542 cis
821 1513 938 1541 autem
960 1507 1034 1541 auri
1056 1506 1224 1541 custodes
1245 1506 1391 1552 griphos
1413 1510 1517 1551 atque
1539 1504 1675 1539 Arima-

198 1576 283 1611 spos
306 1563 470 1598 declinet.
515 1563 635 1608 Griphi
657 1562 723 1603 illi,
756 1573 845 1608 quos
868 1573 975 1608 quum
998 1562 1072 1603 alii,
1106 1566 1178 1596 tum
1201 1560 1403 1595 Herodotus
1425 1561 1483 1595 III.
1512 1561 1598 1595 116.
1622 1559 1676 1594 1V.

205 1622 266 1656 13.
291 1620 354 1655 27.
378 1629 457 1653 611111
480 1618 671 1664 Arimaspis
693 1618 886 1664 coniungit,
911 1617 953 1652 ab
976 1617 1140 1651 Romanis
1161 1617 1237 1662 pici
1258 1615 1485 1650 dicebantur:
1508 1615 1585 1649 vide
1606 1614 1680 1649 No—

200 1675 295 1709 nium
316 1686 351 1721 p.
380 1675 467 1709 152.
490 1673 690 1708 Turnebum
711 1673 856 1707 Advers.
878 1673 994 1707 XXIII.
1014 1673 1078 1709 26.
1100 1672 1213 1706 XXIV.
1234 1672 1297 1707 23.
1338 1671 1482 1706 Plautus
1503 1670 1680 1705 Aulularia

201 1730 255 1765 lV.
281 1731 316 1771 8,
347 1732 378 1765 1.

401 1784 476 1830 pici
499 1784 638 1819 clirilie's
661 1784 724 1830 qui
746 1795 876 1819 aureos
896 1789 1031 1819 montes
1054 1783 1176 1819 colunt

403 1851 466 1885 eyn
486 1840 582 1874 solus
603 1850 747 1886 supero.

314 1894 412 1929 Brevi
435 1894 560 1928 deinde
582 1894 754 1940 praecidit
769 1893 976 1940 Aeschylus,
997 1903 1188 1939 quumque,
1208 1893 1235 1927 si
1254 1892 1438 1938 Gorgones
1455 1896 1551 1926 trans
1569 1891 1682 1926 Ocea-

204 1961 286 1985 num
310 1951 342 1984 in
365 1949 470 1995 Libya
493 1954 586 1989 sunt,
610 1949 677 1983 iam
699 1949 743 1983 sit
765 1959 805 1983 ea
827 1949 862 1983 in
883 1954 977 1983 terra
998 1949 1046 1989 lo,
1070 1949 1187 1994 pergit
1207 1960 1237 1982 v,
1262 1949 1354 1984 808.

944 1999 1140 2050 τηλουρὸν
1161 1999 1204 2037 δὲ
1223 2004 1296 2050 γῆν

406 2051 513 2105 ἥξεις
533 2053 711 2092 κελαινὸν
732 2056 872 2106 φῦλον,
896 2052 939 2091 οἳ
951 2053 1052 2106 πρὸς
1070 2052 1185 2104 ἡλίου

407 2109 560 2147 ναίουσι
582 2113 737 2160 πηγαῖς,
760 2108 861 2147 ἔνθα
881 2108 1061 2158 ποταμὸς
1080 2108 1264 2158 ,Αἷθ<ι’οψ.

207 2169 279 2204 Hac
302 2178 444 2214 quoque
466 2168 499 2203 in
521 2173 621 2214 parte
643 2168 789 2208 itineris,
807 2168 877 2202 sive
900 2167 941 2202 ab
965 2168 1100 2202 oriente
1121 2178 1186 2214 per
1200 2167 1328 2207 Asiam,
1352 2167 1422 2201 sive
1439 2165 1481 2201 ab
1499 2166 1684 2202 occidente

207 2224 334 2270 Libyae
356 2224 553 2258 venientem
575 2223 658 2258 fecit
678 2234 799 2270 vagam
820 2223 1000 2269 virginem,
1018 2234 1089 2257 11011
1110 2234 1226 2257 veram
1248 2222 1383 2257 illarum
1405 2222 1589 2268 regionum
1611 2222 1701 2257 sor--

207 2290 319 2319 mam,
352 2279 415 2313 sed
445 2290 548 2325 quam
579 2279 654 2325 ipse
685 2290 725 2313 ex
755 2279 899 2313 diversis
930 2290 1045 2325 neque
1073 2278 1166 2313 inter
1188 2289 1224 2313 se
1247 2277 1519 2313 cohaerentibus
1541 2277 1687 2312 finxerat

210 2334 446 2369 auditionibus
483 2334 668 2381 imaginem
705 2339 760 2369 est
796 2339 953 2369 secutus.
1009 2334 1111 2377 Quod
1141 2334 1168 2367 si
1200 2333 1338 2368 illorum
1368 2344 1448 2368 vera
1478 2338 1532 2367 est
1554 2333 1684 2380 opinio,

211 2390 337 2436 quihus
367 2401 431 2436 per
451 2390 567 2425 Asiam
599 2390 717 2425 venire
748 2390 895 2425 traiecto
917 2390 996 2424 sinu
1015 2389 1165 2424 Arabico
1187 2388 1258 2424 visa
1280 2394 1334 2424 est
1354 2389 1410 2429 Io,
1435 2393 1495 2423 aut
1514 2388 1631 2424 locum
1652 2389 1688 2423 in

213 2456 281 2491 quo
313 2444 366 2479 sol
394 2445 506 2480 oritur
525 2445 703 2492 putandus
726 2450 780 2480 est
801 2440 913 2493 ἡλίου
935 2440 1063 2493 πηγάς
1082 2455 1249 2485 vocasse,
1282 2449 1341 2479 aut
1363 2443 1585 2479 transtulisse
1606 2443 1688 2478 illuc

213 2510 302 2546 quae
325 2499 366 2534 de
389 2499 485 2535 sonte
509 2501 593 2535 solis
614 2500 852 2541 inaudivisset‚
876 2500 1068 2546 Aethiopes
1091 2505 1209 2534 autem
1231 2511 1310 2534 esse
1331 2499 1410 2534 illos
1433 2510 1523 2545 quos
1544 2499 1579 2533 in
1595 2498 1690 2545 Sup-

212 2554 362 2601 plicibus
384 2567 414 2588 v.
435 2557 526 2591 271.
547 2567 647 2603 seqq.
689 2556 794 2590 Indos
815 2556 947 2590 vicinos
970 2555 1064 2590 dixit.
1105 2555 1190 2589 Nam
1211 2555 1305 2601 quod
1322 2555 1532 2589 Klausenius
1548 2566 1582 2600 p.
1597 2555 1687 2590 312.

215 2609 434 2655 suspicatur,
466 2610 581 2645 sontes
611 2612 688 2646 illos
712 2622 789 2646 6556
812 2611 994 2657 Aethiopis
1016 2610 1119 2651 fluvii,
1144 2615 1383 2645 commentum
1406 2615 1460 2644 est
1479 2609 1583 2655 plane
1603 2619 1690 2643 ven—

216 2670 345 2699 tosum.
393 2664 463 2699 Nec
493 2667 603 2712 magis
632 2678 750 2701 verum
781 2677 860 2701 esse
890 2671 1029 2713 potest,
1061 2665 1156 2712 quod
1185 2665 1276 2701 idem
1305 2665 1431 2712 pagina
1453 2663 1690 2710 praecedente
