1878 3115
222 193 300 231 194
782 194 1125 228 ADNOTATIONES

221 303 335 339 monis
357 301 480 337 Graeci
500 300 775 348 proprietatem,
813 310 882 345 qua
902 303 985 345 post
1006 309 1065 333 eas
1087 297 1274 338 formulas,
1313 297 1439 344 quibus
1462 298 1594 334 dictum
1617 297 1701 344 quid

222 359 263 394 iri
283 358 337 393 vel
359 357 427 392 dici
449 356 578 392 debere
600 355 786 395 indicatur,
810 353 995 401 particula,
1019 365 1109 400 quae
1130 353 1328 389 nectendae
1349 354 1501 389 orationi
1521 353 1698 394 inserviat,

222 415 268 449 ita
304 413 484 452 adiicitm,
523 416 701 457 tamquam
732 410 761 444 si
780 421 852 445 non
872 409 1131 456 praecessisset
1152 409 1231 444 talis
1252 408 1416 444 formula.
1455 409 1571 445 Veluti
1593 419 1700 455 quum

221 481 244 494 Α
222 463 298 518 0i9
327 473 410 515 post
439 466 542 502 verba
574 477 623 513 σν
625 467 740 512 ιιεΐον
761 461 823 510 δέ,
855 470 890 500 et
912 476 1001 512 quae
1023 465 1154 500 similes
1175 464 1348 500 formulae
1370 469 1471 506 sunt,
1494 469 1699 511 usurpatur.

225 525 321 567 Quae
355 523 576 570 proprietaS,
612 495 716 557 latius
738 526 900 562 extensa,
939 521 1189 567 complectitur
1209 520 1314 555 etiam
1336 520 1434 562 talia,
1457 525 1497 555 ut
1517 514 1651 568 λέγεθ’
1639 512 1699 554 ότι

223 572 298 643 ἒ9ώ
333 575 410 625 εἷιιι
446 575 607 622 ἐκεῖνος,
646 582 681 612 et
716 573 756 612 ἐ)
761 572 919 624 θούσης
947 574 1175 624 ἐπιστοὶῆς,
1207 571 1261 618 ὡς
1289 568 1433 625 ἄιὸρες
1453 569 1702 622 αἰχμάλωτοι

219 629 375 683 ἥκουσι,
391 633 572 680 multaque
594 632 671 668 alia.
713 632 846 668 Eodem
867 633 974 679 igitur
994 632 1100 667 modo
1122 637 1204 679 post
1225 632 1514 679 interiogationis
1531 630 1702 677 quasdam

222 690 412 731 formulas,
445 689 544 735 quasi
575 700 637 723 eae
667 688 838 724 formulae
861 688 1003 723 omnino
1025 699 1098 723 non
1118 687 1304 729 adessent,
1338 684 1384 723 δέ
1400 686 1598 723 nectendac
1620 696 1704 721 ora-

222 746 329 781 tionis
351 756 478 781 caussa
498 744 658 779 infertur.

333 795 358 848 ἢ
380 800 477 835 νεῶν
495 800 572 835 Ald.

339 857 431 893 330.
463 853 619 898 ἒξιῶσαι
641 861 721 890 ante
744 866 817 890 sec.
839 866 962 889 manus
985 865 1078 889 corr.
1100 854 1167 889 Vit.
1282 853 1480 901 περσικῶν
1498 853 1585 887 Ven.
1607 853 1645 887 B.

341 913 433 949 331.
466 908 635 946 ναΐοισιν
662 907 853 957 ἐμβολαῖς
874 910 917 944 Μ.
940 910 1035 956 Lips.
1059 910 1144 944 Vcn.
1162 911 1201 944 Α.
1226 909 1391 944 Cantahr.
1417 911 1446 944 l.
1470 913 1525 949 ct,
1548 913 1587 943 ut
1607 907 1705 942 vide-

226 974 293 1010 tur,
319 968 355 1004 2.
387 966 570 1002 Lamheth.
595 966 655 1001 Ox.
677 966 783 1000 Turn.
839 963 995 1015 ναΐῃσιν
1022 962 1215 1011 ἐμβολαῖς
1236 966 1274 1000 G.
1298 965 1375 999 Par.
1393 964 1434 999 II.
1452 963 1492 999 N.
1514 963 1592 999 Ald.
1614 962 1703 998 Rob.

227 1029 262 1058 et
291 1034 397 1070 supra
427 1022 599 1068 scriptum
627 1022 661 1056 in
693 1020 858 1056 Cantabr.
879 1022 914 1057 2.
957 1018 1100 1056 va'l‘ffloz
1122 1018 1348 1067 σίῃιβολαΐς
1369 1021 1454 1055 Ven.
1472 1020 1510 1054 Β.
1534 1024 1569 1054 et
1590 1030 1609 1054 a
1630 1029 1703 1054 sec.

226 1090 331 1114 manu
352 1078 419 1112 Yit.
462 1074 609 1112 ὁάΐοισι
631 1075 858 1123 συμβολαῖς
877 1077 986 1112 Mose.
1020 1082 1054 1111 et
1076 1088 1092 1111 a
1115 1088 1169 1123 pr.
1192 1088 1297 1111 manu
1319 1077 1385 1111 Vit.
1427 1076 1465 1110 In
1486 1075 1580 1122 Lips.
1605 1074 1706 1109 alteri

225 1134 259 1169 in
280 1131 451 1169 ναΐοισιν
471 1132 625 1195 syllabae
646 1145 669 1179 7]
693 1133 988 1178 superscriptum.
1031 1132 1131 1167 Cous.
1154 1144 1183 1166 v,
1209 1133 1301 1168 274.

342 1189 432 1225 332.
466 1182 515 1223 ἀν
543 1188 710 1223 omittunt
732 1188 827 1234 Lips.
862 1192 897 1222 et
925 1188 1030 1234 pauci
1055 1188 1123 1222 alii.
1180 1187 1468 1234 Suplascriptum
1498 1190 1553 1221 est
1580 1197 1598 1220 a
1631 1196 1705 1221 sec.

226 1256 333 1280 manu
353 1245 387 1280 in
411 1244 476 1278 Vit.
517 1239 564 1290 ἢν
584 1254 649 1290 pro
673 1237 722 1277 ἂι
742 1243 819 1277 Pa1.
837 1243 874 1277 F.
894 1243 932 1277 L.
1049 1237 1136 1278 ἴσθι
1159 1243 1247 1277 Rob.
1289 1237 1377 1278 ἴσθ’
1401 1247 1481 1277 ante
1499 1253 1592 1277 corr.
1609 1241 1705 1288 Lips.

339 1300 377 1335 In
398 1300 465 1334 fine
486 1310 609 1333 versus
628 1296 742 1347 βαρβ
745 1291 854 1348 άρων
874 1298 917 1333 M.
935 1298 973 1333 G.
991 1297 1057 1333 tit.
1079 1298 1174 1345 Lips.
1197 1299 1283 1333 Ven.
1299 1299 1338 1333 A.
1355 1298 1393 1332 Β.
1416 1298 1526 1332 Mose.
1549 1297 1610 1332 Ox.
1627 1297 1704 1332 Par.

229 1356 266 1391 C.
289 1356 327 1391 F.
349 1355 391 1390 H.
415 1355 456 1390 K.
478 1354 518 1389 N.
549 1354 625 1389 Ald.
657 1353 745 1389 Rob.
798 1349 1040 1403 βαρβάρους
1060 1355 1164 1389 Turn.
1196 1365 1236 1389 ex
1258 1354 1474 1394 coniectura,
1497 1358 1537 1388 ut
1555 1352 1705 1393 videtur,

229 1422 297 1458 qua
333 1410 594 1457 expeditissima
626 1409 665 1444 sit
700 1410 933 1444 constluctio.
991 1409 1061 1445 Sed
1091 1410 1283 1456 antiquitus
1313 1421 1384 1444 non
1406 1409 1513 1444 fuisse
1535 1408 1707 1455 scriptum

226 1460 466 1515 βαρβάρους
486 1476 593 1511 quum
615 1464 777 1501 codicum
798 1465 950 1501 sortasse
972 1466 1126 1500 omnium
1147 1466 1182 1500 in
1203 1477 1289 1501 voce
1305 1458 1534 1528 3[))αρβοὶρ(ι)ν
1553 1475 1708 1499 consen-

229 1534 289 1557 sus
319 1522 443 1562 docet,
483 1526 556 1555 tuin
587 1520 682 1567 quod
713 1520 891 1555 tollendae
913 1521 1129 1556 difficultatis
1151 1532 1275 1556 caussa
1299 1514 1347 1555 ἄν
1368 1532 1385 1556 a
1408 1520 1613 1555 nonnullis
1606 1531 1641 1554 m
1660 1508 1709 1566 ἦν

229 1582 403 1612 mutatum
431 1581 506 1618 est,
543 1582 583 1611 ut
603 1576 637 1611 in
660 1576 726 1610 lit.
747 1571 824 1623 ἠν
816 1576 859 1610 ad
878 1570 1104 1626 βαρβάρων
1124 1577 1341 1623 adscriptum
1364 1581 1418 1611 est
1440 1580 1475 1610 et
1495 1576 1529 1610 in
1550 1575 1707 1621 margine

230 1633 274 1668 M.
297 1629 417 1668 λέιπει
440 1627 484 1667 τὸ
506 1627 565 1694 ⁷2⁸²
595 1632 727 1696 Neque
758 1636 875 1666 tamen
896 1628 945 1679 ἢν
964 1632 1109 1678 intelligi
1131 1631 1257 1667 debet:
1288 1643 1359 1666 non
1382 1631 1473 1666 enim
1496 1631 1629 1677 opponi
1649 1641 1709 1665 re—

231 1694 288 1724 cte
308 1693 429 1735 potest
451 1681 535 1722 ἀλλ’
560 1682 635 1722 οὐκ
654 1678 714 1735 ἧν,
738 1686 801 1721 sed
823 1680 1005 1722 (HJ-'0132
1013 1681 1171 1749 ἐκράῃ
1176 1698 1262 1723 σαν.
1304 1686 1569 1726 Wakefieldius,
1593 1686 1652 1732 qui
1673 1686 1707 1720 in

231 1743 305 1778 Del.
327 1748 417 1789 trag.
439 1743 464 1777 I.
487 1754 523 1789 p.
551 1744 611 1779 16.
633 1739 706 1788 μὲι
727 1737 797 1777 οὖν
825 1754 890 1789 pro
911 1738 985 1789 μὲν
1006 1736 1054 1777 ἄν
1077 1742 1302 1778 scribendum
1326 1753 1405 1777 esse
1428 1742 1599 1782 coniecit,
1621 1752 1709 1788 pro-

231 1799 371 1834 tulisset
392 1798 488 1844 quod
507 1798 690 1861 piohalnle
712 1798 819 1832 videri
840 1803 976 1845 losset,
995 1798 1023 1833 si
1045 1798 1147 1833 simul
1167 1799 1326 1844 ploximo
1348 1809 1452 1832 versu
1471 1793 1611 1833 ναυσίν
1629 1808 1710 1831 mu-

232 1860 343 1889 tasset
363 1854 397 1888 in
420 1854 518 1896 ιαῦς
536 1866 595 1901 ψ.
635 1854 829 1889 Lenissima
851 1854 1046 1889 mutatione
1068 1865 1126 1889 sci
1129 1865 1239 1901 ipsi
1213 1849 1441 1903 βάρβαρον.
1482 1853 1520 1887 Ιη
1541 1852 1661 1887 idem
1654 1864 1710 1887 ln-

233 1910 395 1944 ciderunt
416 1909 654 1944 Blomfieldius
677 1915 712 1944 et
732 1909 901 1944 Halmius.

347 1966 438 2001 333.
470 1961 610 1999 ναυσὶν
630 1965 822 1999 Porsonus.
864 1961 978 1999 ναυσὶ
1000 1964 1092 1999 libri.
1143 1958 1332 2011 ‘'quw
1361 1964 1570 1999 Brunckius.
1615 1962 1709 1998 Libri

233 2015 378 2066 ἕλλησι.
494 2019 542 2053 De
564 2030 712 2054 numero
734 2019 871 2053 navium
893 2020 995 2054 aliter
1015 2019 1058 2054 al)
1080 2020 1167 2060 aliis,
1191 2025 1230 2054 ut
1250 2019 1289 2054 fit
1310 2020 1343 2053 in
1365 2019 1567 2054 huiusmodi
1588 2018 1707 2057 rebus,

232 2075 400 2114 indicato,
423 2074 585 2108 dixerunt
604 2074 854 2109 Valckenarius
876 2074 919 2109 ad
940 2074 1071 2109 Herod.
1090 2075 1160 2109 Vll.
1180 2075 1243 2110 89.
1265 2074 1522 2120 Wesselingius
1544 2074 1587 2109 ad
1608 2073 1709 2108 Diod.

234 2130 289 2165 XI.
311 2131 345 2167 3.
376 2129 611 2176 spanhemius
641 2129 685 2164 ad
713 2129 882 2164 Iulianum
904 2141 939 2176 p.
964 2131 1055 2166 280.
1089 2129 1236 2164 Siebelis
1257 2129 1292 2164 in
1314 2129 1461 2164 diatriba
1482 2129 1525 2163 de
1546 2129 1709 2176 Aeschyli

235 2185 351 2220 Persis
371 2196 407 2232 p.
432 2186 496 2221 61.

349 2242 441 2277 335.
473 2240 570 2275 νεῶν
589 2239 799 2281 B1u11ck1us
823 2245 947 2275 contra
967 2240 1090 2281 libros
1112 2245 1151 2275 ut
1172 2240 1320 2280 sistetur,
1345 2250 1480 2275 omnes.

351 2297 442 2333 336.
475 2292 589 2345 ξέρξ7
593 2307 612 2338 ς
630 2291 721 2345 γὰρ,
743 2296 883 2331 omissis
903 2296 1086 2342 palticulis
1109 2292 1155 2331 δέ
1173 2301 1207 2331 et
1227 2292 1305 2339 καί,
1327 2295 1422 2341 Lips.

346 2351 447 2387 Hunc
467 2362 607 2386 veisum
629 2362 708 2386 cum
730 2351 869 2387 duobus
890 2351 1122 2398 sequentibus
1143 2351 1245 2387 ‘ill'ert
1258 2351 1468 2386 Plutarchus
1484 2350 1518 2385 in
1534 2350 1602 2385 vita
1618 2350 1712 2385 The-

237 2407 409 2442 mistoclis
431 2418 462 2442 c.
490 2409 551 2443 14.
941 2449 959 2470 ἴ

351 2464 444 2499 337.
476 2463 573 2498 νεῶν
591 2457 637 2498 τὸ
659 2461 818 2510 πλῆθος
838 2473 903 2509 pro
927 2457 983 2498 (ὃν
1000 2474 1068 2528 799ε
1089 2460 1249 2510 πὶηθος
1270 2462 1478 2497 Plutarchus
1500 2461 1654 2508 sciipsit.

349 2512 426 2553 at'd'
449 2518 515 2553 vit.
537 2518 631 2564 Lips.
653 2518 730 2553 Ald.
753 2518 841 2554 Rob.
955 2513 1171 2568 υπὲρκοποι
1194 2516 1475 2553 Wakefieldius
1467 2528 1501 2551 1n
1523 2516 1597 2552 Del.
1619 2521 1709 2562 tiag.

238 2572 263 2606 l.
285 2583 320 2618 p.
348 2574 436 2609 107.
465 2579 500 2608 et
527 2574 785 2614 Blomfieldius,
822 2575 880 2621 qui
910 2574 944 2608 in
972 2574 1052 2608 adn.
1082 2574 1126 2609 ad
1148 2574 1246 2620 Sept.
1269 2574 1313 2608 ad
1334 2573 1396 2608 Th.
1419 2584 1449 2607 v.
1475 2573 1565 2609 387.
1586 2566 1711 2618 υπέρ-

238 2638 392 2673 κομπος
418 2629 732 2675 tragicisomnino
762 2629 982 2665 abiudicavit.
1033 2629 1121 2664 Dixit
1151 2634 1273 2664 contra
1304 2629 1394 2663 hanc
1417 2627 1618 2673 opinionem
1641 2626 1710 2660 10-

237 2681 384 2718 heckius
405 2683 446 2718 ad
470 2684 580 2730 Soph.
603 2685 654 2719 Ai.
677 2697 706 2719 v.
736 2686 824 2721 127.
