1878 3115
229 182 310 221 528
794 186 1138 219 ADNOTATloNES

344 292 434 328 343.
466 289 560 324 Libri
583 285 835 338 δορίτμητος.
888 289 1126 325 Blomfieldius
1157 288 1384 325 scribendum
1412 290 1565 326 coniecit
1597 286 1710 339 δορί-

229 357 392 394 κμητος.
439 345 561 385 Recte,
584 350 684 390 puto,
709 344 885 379 Stanleius
909 341 1166 393 δορίδμητος,
1189 345 1256 379 etsi
1277 345 1387 380 lexiea
1407 346 1477 380 hoe
1497 346 1708 381 vocabulum

229 414 299 437 11011
321 401 465 436 habent.
501 400 631 434 Similia
649 406 731 434 sunt
749 394 1008 449 δοριάλωτος,
1027 394 1312 449 ὁξοριθήρατος.
1348 400 1480 436 Deinde
1495 400 1574 436 libri
1589 400 1709 446 (etiam

228 458 290 504 M.)
313 451 621 504 κατεναρίσθης.
663 457 872 490 Correetum
893 467 911 490 a
932 466 988 490 me
1012 460 1047 491 et
1068 456 1241 490 Porsono.

343 514 434 548 344.
466 504 620 545 εὕκειαν
647 511 767 545 vitium
788 511 864 545 Ald.
983 504 1166 557 δόμοισιν
1185 511 1229 545 Μ.
1253 511 1292 546 G.
1318 510 1396 545 Ald.
1418 510 1508 546 Rob.
1549 503 1709 558 δόμοισι

228 568 334 602 Turn.

343 623 433 658 346.
465 621 560 656 Libri
588 616 850 670 ἐπιστρεπτὸν
879 618 1005 657 αἰῶνα
1035 618 1220 666 κτίσσας,
1250 621 1317 656 nisi
1347 622 1442 667 quod
1471 617 1711 671 ἕπίστρατον

227 677 335 713 habet
357 677 395 712 G.
437 673 498 711 ἐπὶ
520 671 696 726 στρατὸν
714 677 791 711 Ald.
841 673 1104 725 ἐπίστρεπτον
1123 677 1230 711 Turn.
1262 676 1318 712 cui
1348 677 1483 712 scholia
1512 678 1581 712 hoe
1604 688 1710 712 voca-

226 733 360 774 bulum,
385 732 448 767 sed
470 738 569 767 recto
591 737 754 773 accentu,
777 732 1038 778 praebuerunt:
1062 728 1201 774 κτίσας
1221 737 1338 766 autem
1361 732 1457 767 solus
1480 732 1568 767 Rob.
1610 732 1708 768 Scri-

226 789 379 823 bendum
404 793 480 822 erat

430 839 570 885 κτίσας
589 837 852 891 ἐπιστρεπτὸν
874 839 961 877 αἷιῦ.

228 898 483 933 Grammaticus
505 898 539 932 in
561 897 709 932 Bekkeri
730 898 863 932 Aneed.
885 909 920 943 p.
942 898 1032 937 363,
1063 899 1122 932 17.
1145 893 1221 931 αἷῶ
1242 891 1311 931 τὸν
1332 893 1459 931 amm
1480 893 1582 932 κατὰ
1605 891 1707 932 ἀπο-

227 950 355 1001 κοπὴν
374 946 584 999 ᾎΙῖσχύλος
605 945 720 986 εἶπεν.

341 1009 432 1045 348.
466 1004 698 1042 διαποντίου
720 1007 792 1054 γᾶς
813 1007 918 1041 Turn.
965 1003 1274 1049 διαπονῑιουϊᾶς
1294 1007 1338 1041 M.
1382 1003 1448 1041 διὰ
1470 1004 1708 1050 ποντίουτας

228 1065 266 1099 G.
290 1064 365 1098 Ald.
409 1060 717 1104 διαπονῖιουτας
739 1074 818 1098 eum
841 1062 1025 1103 asterisco,
1047 1062 1119 1097 vitii
1141 1062 1255 1109 signo,
1278 1062 1367 1097 Rob.
1695 1070 1699 1073 ·

342 1120 433 1155 350.
466 1118 565 1153 Nulla
596 1129 771 1164 personae
802 1124 886 1153 nota
916 1118 949 1152 in
970 1118 1015 1152 M.
1039 1118 1078 1153 G.
1101 1118 1178 1152 Ald.
1201 1118 1289 1152 Rob.
1313 1119 1418 1152 Turn.
1470 1118 1559 1152 Olim
1596 1118 1706 1153 choro

226 1175 313 1209 haee
337 1174 428 1214 dedi,
460 1185 553 1209 nune
575 1173 685 1220 priori
706 1173 938 1213 heniiehorio,
971 1173 1066 1219 quod
1095 1184 1166 1208 non
1187 1173 1400 1220 interpellat,
1432 1173 1495 1208 sed
1524 1175 1708 1209 continuat

227 1230 361 1264 Orestis
385 1230 490 1263 dicta.
605 1225 687 1263 ἐκεῖ
709 1228 763 1263 bis
793 1228 924 1263 habent
947 1229 986 1263 G.
1008 1228 1085 1263 ΑΜ.
1109 1229 1212 1263 Turn.
1255 1229 1399 1264 Scilicet
1421 1240 1529 1275 quum
1549 1229 1606 1265 hie
1627 1241 1709 1264 ver-

227 1297 286 1319 sus
308 1285 342 1319 in
364 1285 460 1319 libris
492 1285 525 1318 in
548 1284 636 1319 duos
659 1284 842 1324 dividatur,
876 1295 1025 1329 quorum
1057 1284 1234 1319 secundus
1263 1284 1436 1319 vocabulo
1466 1281 1550 1318 ἐκεῖ
1571 1285 1705 1331 incipit,

225 1340 400 1380 librarius,
426 1340 484 1386 qui
507 1339 667 1374 codicem
685 1340 723 1374 G.
747 1339 901 1385 scripsit,
925 1336 1009 1374 ἐκεῖ
1023 1339 1201 1374 adiecerat
1222 1340 1331 1385 priori
1351 1339 1480 1380 versui,
1504 1339 1567 1374 sed
1588 1340 1705 1375 statim

227 1396 469 1430 animadverso
498 1406 620 1437 errore
651 1395 856 1429 tenuissima
879 1394 988 1435 linea,
1020 1406 1110 1441 quae
1131 1395 1275 1429 Asulani
1297 1395 1419 1430 oculos
1443 1394 1583 1440 effugit,
1614 1396 1705 1430 haue

224 1463 348 1486 vocem
371 1450 548 1491 confodit,
582 1456 617 1485 et
644 1455 854 1496 sequentem
884 1462 1024 1485 versum
1047 1450 1178 1496 incepit
1200 1450 1325 1485 eodem
1347 1447 1436 1485 ἐκεῖ.
1478 1449 1580 1492 Quod
1602 1461 1643 1485 ex
1664 1451 1703 1486 G.

225 1507 372 1541 affertur
392 1501 483 1549 ἔσω,
513 1506 759 1552 interpretatio
790 1511 855 1546 est,
888 1505 1065 1552 adscripta
1089 1506 1193 1540 etiam
1213 1506 1249 1540 in
1270 1506 1315 1540 M.
1441 1503 1639 1541 θανοῦσιν
1658 1506 1702 1540 M.

226 1562 264 1597 G.
287 1562 363 1596 Ald.
387 1562 475 1595 Rob.
516 1560 689 1596 θανοῦσι
711 1561 817 1596 Τ111·11.
1372 1604 1389 1611 ⁹

339 1618 430 1653 355.
460 1606 511 1664 «ἧν
531 1628 571 1651 ex
593 1616 717 1651 codice
740 1627 803 1650 suo
827 1616 928 1650 affert
949 1615 1189 1651 Robortellus.
1231 1615 1345 1650 Habet
1365 1612 1414 1663 ἠν
1429 1616 1474 1650 M.
1498 1616 1559 1651 sed
1582 1627 1601 1658 ς
1621 1616 1664 1651 ad
1686 1629 1706 1651 ν

224 1684 330 1719 supra
354 1672 547 1718 adscripto.
589 1661 637 1719 ἧς
658 1672 696 1705 G.
712 1671 789 1706 Ald.
808 1671 896 1706 Rob.
915 1672 1019 1706 Turn.
1061 1671 1193 1706 Deinde
1214 1671 1293 1705 libri
1315 1664 1425 1719 ὄφρα
1447 1672 1521 1706 sine
1544 1671 1704 1707 elisione.

224 1728 383 1762 Correxit
404 1727 580 1761 l‘auwius.
631 1727 787 1772 Denique
809 1727 886 1761 libri
909 1721 1006 1773 ἔζης.
1055 1726 1250 1777 Abrpsehio
1272 1726 1456 1761 videbatur
1471 1716 1539 1774 ἧς,
1571 1727 1613 1762 de
1636 1738 1703 1773 qua

223 1784 333 1817 forma
365 1783 407 1817 ad
436 1782 617 1828 Aristoph.
639 1782 729 1817 Nub.
752 1794 782 1817 ν.
806 1783 922 1818 1030.
946 1782 1030 1822 dixi,
1061 1782 1096 1816 in
1116 1776 1213 1830 ἧσθ’
1236 1793 1316 1817 esse
1337 1782 1555 1817 imitandum.
1606 1782 1705 1817 Scri—

222 1838 376 1873 bendum
398 1838 517 1884 potius
541 1843 595 1873 est
736 1881 754 1888 ῳ

421 1889 612 1939 βασιλεὺς
632 1887 707 1941 γὰρ
729 1888 790 1940 ἦν,
813 1886 906 1941 b'sfp'
928 1887 1006 1940 ἔζη.

223 1948 406 1983 Secundus
427 1960 600 1994 personas
622 1954 819 1994 posueruut
842 1949 899 1994 qui
921 1949 1008 1982 haee
1032 1948 1147 1982 Oresti
1169 1948 1373 1983 continuata
1393 1948 1572 1994 legebant.

336 2005 427 2039 356.
461 1997 691 2037 πιπλάντων
706 2003 889 2037 Ileathius.
930 1997 1314 2048 Ε1111·1πιιιπ).ιὶνῑίοιν,
1335 2008 1556 2049 repugnante
1573 2008 1700 2039 metro.

336 2060 426 2094 357.
458 2051 718 2105 πεισιβροτόν
744 2068 784 2092 τε
815 2058 991 2091 Pauwius.
1040 2052 1308 2105 molfltsj'pozciv
1329 2069 1368 2093 τε
1390 2059 1433 2092 Μ.
1477 2058 1593 2093 Ceteri
1614 2070 1701 2093 πει-

188 2114 191 2116 ’
221 2107 444 2161 σι’,ιιβροτόν
464 2124 528 2151 τε,
569 2112 756 2148 Schiitzius
786 2112 909 2148 audaci
939 2112 1148 2157 metaphora
1176 2112 1332 2147 offensus
1362 2107 1638 2163 πεισιμβρότῳ
1662 2125 1699 2149 τε

219 2165 386 2218 βάκτρῳ
408 2168 519 2204 dedit.
551 2168 747 2213 Aeschylus
769 2173 949 2214 sceptrum
973 2167 1055 2202 dixit
1074 2178 1139 2213 pro
1162 2167 1260 2213 regio
1281 2179 1441 2202 munere.

335 2225 426 2260 358.
458 2224 558 2258 Nulla
579 2234 754 2270 personae
776 2229 859 2258 nota
881 2224 915 2257 in
937 2222 1048 2257 libris.
1103 2222 1265 2257 Electrae
1293 2223 1384 2258 bane
1414 2223 1597 2269 stropham
1619 2234 1698 2258 esse

222 2285 381 2326 apparet.
498 2276 647 2328 τρωίίις
666 2279 711 2313 M.
734 2278 811 2313 Ald.
834 2278 922 2313 Rob.
946 2279 1051 2313 Turn.
1092 2276 1243 2328 τρῳΐας
1264 2278 1302 2313 G.
1352 2278 1401 2313 Ex
1430 2289 1508 2313 mea
1531 2279 1698 2314 emenda-

221 2336 317 2370 tione
341 2335 529 2369 Sclu'itzius
556 2332 740 2381 Τρωΐοις.

335 2391 426 2426 359.
459 2386 600 2435 τείχεσι
623 2389 805 2423 Ileathius.
845 2389 939 2423 Libri
962 2385 1141 2435 τείχεσσι.

334 2447 425 2481 360.
456 2444 550 2479 Libri
571 2438 656 2490 μετ’
679 2438 813 2478 ἄλλων
833 2440 1055 2492 ὁόρικμῆῖι.
1103 2443 1334 2479 Scribendum
1371 2453 1451 2478 esse
1479 2438 1564 2490 μετ’
1587 2436 1696 2494 ἄλλῳ

222 2500 397 2535 Stanleius
418 2500 513 2539 vidit,
538 2496 773 2548 δουρικμῆτι
797 2499 1046 2533 Blomfieldius.

335 2556 565 2591 361-363,
598 2554 691 2589 Libri
713 2548 824 2602 παρὰ
844 2548 1106 2602 σκαμάνδρου
1128 2547 1254 2602 πόρον
1270 2548 1472 2598 τέθαψαι·
1502 2548 1632 2601 πάρος
1653 2548 1693 2588 δ’

222 2604 258 2643 οἳ
280 2604 487 2652 κτανόντες
509 2622 567 2644 νιν
588 2606 774 2656 δαμῆναι,
797 2609 863 2643 nisi
885 2609 981 2655 quod
1002 2620 1040 2644 τε
1062 2602 1202 2655 θάψαι
1225 2614 1280 2644 est
1300 2609 1334 2642 iu
1355 2608 1431 2642 Ald.
1481 2601 1586 2643 οὕτω
1608 2609 1696 2643 Por-

220 2676 341 2699 sonus.
382 2668 537 2711 Apparet
558 2664 783 2700 scribendum
807 2675 886 2700 esse
907 2657 1134 2713 τεθάφθαι,
1156 2664 1190 2698 in
1211 2663 1304 2710 quod
1324 2665 1428 2698 etiam
1445 2663 1486 2697 H.
1503 2663 1541 2698 L.
1557 2664 1693 2698 Abrens
