1878 3115
776 227 834 260 AD
859 227 1107 260 SVPPLlCES.
1650 221 1673 258 7

200 329 428 365 scribendum
457 340 537 365 esse
566 328 714 366 πενθεῖ
736 325 912 366 νέοικτον
938 323 1047 366 οἶτον
1065 324 1213 377 ἠθέων.
1265 328 1502 376 Opponuntur
1522 329 1615 364 inter
1635 341 1674 366 se

198 385 316 420 luctus
348 385 443 432 quod
465 386 609 432 expulsa
631 397 650 421 e
673 392 844 421 consueta
866 386 951 422 sede
973 391 1028 421 est
1049 391 1084 421 et
1103 385 1257 420 lamenta
1279 384 1324 420 ob
1345 396 1471 420 necem
1492 385 1563 420 filii.
1606 386 1675 421 Ce-

199 446 315 475 terum
336 452 366 475 v.
389 441 432 476 ad
453 453 483 476 v.
509 442 600 477 327.

313 496 377 531 61.
418 492 629 543 ξιᾚντιθησι
650 507 739 530 nove
761 495 893 530 dictum
914 494 1061 535 videtur,
1079 500 1118 529 ut
1139 494 1184 529 sit
1199 497 1317 537 addit,
1335 495 1431 542 quod
1448 495 1515 530 dici
1532 501 1675 542 poterat

198 546 392 598 ἐντίθησι,
414 557 453 586 ut
473 552 507 586 in
523 554 645 597 Agam.
668 551 784 586 1220.
803 545 935 596 κάμοῦ
953 544 1144 595 μισθὸν
1128 562 1167 584 ει
1171 546 1311 597 θήσειν
1331 546 1434 601 κότῳ
1457 546 1672 597 ἐπεύχεται.

311 600 585 654 αὖτοᾳρόνιος,
608 611 647 639 ut
667 605 817 645 videtur,
841 616 860 639 a
869 604 993 651 prima
1015 615 1122 639 manu
1142 604 1188 639 M.

311 661 376 696 62.
419 656 458 695 ἕο
480 658 519 695 ἐν
539 660 583 695 Μ.
607 671 648 695 ex
670 660 893 695 correctione
916 665 951 694 et
973 659 1094 695 ceteri.
1136 659 1342 695 Einendavit
1362 660 1557 697 Porsonus.

311 716 375 751 64.
416 710 496 757 τώς
517 726 558 750 cx
578 716 658 757 τῶς
676 715 808 750 sactum
829 715 864 750 in
885 715 928 749 Μ.
969 710 1026 751 το)
1049 715 1088 750 G.

308 766 566 819 φιλοόύρτοις
585 770 675 805 libri.
718 770 877 806 Correxit
897 770 1076 805 Porsonus
1096 774 1180 816 post
1201 769 1402 805 Heathiurn.

307 822 491 860 ἰαονιόισι
521 826 643 872 primis
673 826 786 861 tribus
823 825 951 861 litteris
972 826 1007 861 in
1029 836 1152 861 rasura
1173 825 1218 860 M.
1269 821 1452 861 ἵανοιόισι
1474 826 1551 862 Ald.
1576 827 1672 874 quod

195 881 302 916 Turn.
324 880 359 915 in
382 877 523 916 αἰνοῖσι
545 881 703 916 mutavit.

310 937 374 972 65.
416 931 569 971 ἆπελὰν
589 936 629 971 Ε.

306 991 401 1027 Libri
422 990 644 1040 νει7.οθ·ερῆ.
687 991 789 1034 Quod
810 991 839 1025 si
861 991 938 1037 quis
960 990 1151 1026 defendere
1172 990 1278 1032 volet,
1311 1002 1518 1037 comparare
1540 993 1673 1038 poterit

186 1041 428 1095 Ἀλιθέρσης
448 1046 570 1082 Οι1.11.
599 1048 687 1083 157.
710 1052 746 1081 et
766 1047 860 1093 apud
881 1047 1088 1082 Pausaniam
1106 1047 1177 1081 VII.
1202 1048 1238 1088 4,
1266 1048 1299 1082 1.
1342 1047 1413 1082 Sed
1433 1059 1553 1082 vcruin
1575 1047 1672 1083 vide—

193 1107 252 1137 tur
273 1101 368 1148 quod
388 1102 573 1148 Emperius
594 1102 725 1137 invenit
745 1097 944 1151 εἶλοθέρῆ.

308 1158 372 1193 67.
413 1157 507 1193 Libri
527 1152 682 1205 γόεόνα.

307 1213 371 1249 68.
412 1212 507 1248 Libri
535 1209 796 1260 δειμαίνουσα
825 1209 987 1262 φίλους,
1018 1218 1143 1248 contra
1164 1217 1317 1247 metrum
1340 1217 1376 1247 et
1395 1212 1564 1259 impedita
1585 1224 1670 1248 sen-

192 1267 315 1302 tentia.

308 1324 372 1359 69.
415 1323 617 1370 Stephanus
639 1323 826 1370 Byzantius
846 1317 1012 1386 Ἀερία,
1029 1317 1053 1371 ἡ
1074 1317 1304 1370 Αἴγυπτος,
1334 1318 1447 1373 παρὰ
1467 1317 1537 1358 τὸν
1557 1317 1669 1372 ἀέρα.

193 1373 259 1412 καὶ
279 1373 355 1426 γὰρ
376 1373 595 1427 ηερόεσσαν
616 1373 742 1426 αὐτήν
762 1390 896 1428 ᾳασιν.
938 1390 974 1413 οι
997 1372 1207 1428 ἄνθρωποι
1222 1373 1381 1427 Ἀέριοι,
1397 1390 1462 1414 και
1477 1374 1668 1428 Ἀερίτιῑς,

192 1429 235 1469 ἐκ
253 1434 325 1481 τῆς
344 1428 461 1483 ἀέρος
480 1444 643 1481 γἐιικης.

307 1491 370 1525 71.
410 1489 504 1524 Libri
524 1486 614 1524 θεοὶ
636 1483 673 1524 οἶ
691 1484 854 1537 γενέται.
891 1488 1049 1523 Correxit
1068 1488 1262 1524 porsonus.

307 1545 371 1581 72.
411 1539 435 1592 ἡ
471 1544 632 1591 (spiritu,
665 1550 704 1580 ut
732 1544 887 1585 videtur,
919 1556 938 1579 a
965 1544 1121 1579 secunda
1150 1546 1272 1589 manu)
1295 1539 1359 1578 καὶ
1382 1543 1426 1579 Μ.
1470 1538 1491 1591 ἢ
1515 1542 1573 1588 (eo
1597 1555 1666 1589 quo

192 1599 327 1635 scholia
356 1604 570 1647 atramento)
600 1596 665 1635 καὶ
687 1600 726 1635 G.
748 1600 783 1634 in
813 1610 883 1646 quo
913 1593 938 1647 ἢ
967 1599 1002 1634 in
1031 1599 1189 1646 margine
1211 1599 1441 1646 adscriptum.
1490 1594 1514 1647 ’ἢ
1535 1596 1607 1645 [fai
1630 1599 1665 1633 P.

191 1652 257 1690 καὶ
279 1655 411 1690 omisso
433 1650 457 1702 ἢ
481 1655 520 1690 Ε.
561 1651 585 1703 ἢ
608 1652 673 1690 καὶ
695 1655 784 1690 Rob.

307 1712 370 1747 73.
411 1703 580 1757 ἑτοίμως
600 1711 644 1745 Μ.
666 1711 744 1746 Ald.
767 1710 873 1745 Turn.
895 1709 984 1745 Rob.
1045 1703 1201 1756 ἐτύμως
1222 1710 1261 1745 G.
1303 1705 1457 1756 ἐτύμως
1477 1710 1665 1745 Arnaldus.

302 1761 513 1813 στυγόντες
528 1766 813 1801 M.E.Rob.Ald.
854 1761 1040 1817 στῃόἰές
1061 1766 1099 1800 G.
1141 1765 1225 1800 Inde
1247 1776 1266 1799 a
1288 1765 1451 1800 Turnebo
1473 1767 1667 1813 στυγοῦν-

190 1832 266 1863 τες.
308 1820 442 1867 Scripsi
463 1817 668 1868 στέγοντες
689 1827 724 1856 et
745 1820 861 1855 addidi
883 1818 937 1863 εὖ,
961 1821 1057 1866 quod
1078 1820 1249 1855 Heathius
1271 1820 1350 1855 addi
1371 1820 1524 1855 volebat.

307 1878 370 1911 74.
411 1875 596 1910 Librorum
634 1876 810 1922 scriptura
846 1871 988 1910 ἔνδικοι
1018 1870 1162 1922 γάμοις
1191 1875 1356 1921 quoniam
1384 1886 1455 1909 non
1486 1881 1567 1921 apta
1597 1882 1663 1916 est,

191 1930 449 1977 Bambergerus
480 1931 634 1966 coniecit
662 1926 820 1966 ἔκδικοι.
878 1931 923 1964 At
953 1941 993 1965 ea
1023 1941 1087 1965 vox
1115 1941 1186 1964 non
1207 1930 1345 1965 videtur
1366 1931 1508 1976 tragicis
1530 1931 1664 1966 ultores

191 1986 423 2033 significasse.
465 1986 620 2032 Reposui
642 1986 737 2032 quod
758 1985 969 2021 scholiastes
991 1985 1076 2031 legit
1097 1980 1240 2020 ἔνδικοι
1262 1981 1409 2032 νόμοις.
1441 1986 1556 2021 Iustos
1580 1998 1664 2032 erga

190 2041 288 2087 leges
311 2041 396 2076 deos
419 2052 498 2076 esse
520 2041 604 2076 vult.
645 2042 758 2087 Leges
780 2046 897 2075 autern
919 2040 1065 2087 intelligi
1088 2051 1166 2082 eas,
1199 2041 1326 2087 quibus
1350 2041 1415 2076 tuti
1436 2046 1519 2076 sunt
1541 2042 1600 2087 qui
1621 2041 1665 2076 ad

191 2097 339 2132 deorum
361 2108 438 2131 alas
461 2097 592 2142 confug
579 2108 633 2131 el
636 2102 709 2137 unt
733 2096 864 2131 (locent
885 2107 975 2142 quae
997 2096 1115 2130 statim
1137 2101 1347 2142 sequuntur.

307 2153 370 2188 75.
411 2146 487 2186 κάκ
506 2148 706 2198 πτολέμου
728 2152 772 2186 Μ.
814 2146 890 2185 κάκ
910 2149 984 2185 πο7
989 2147 1085 2197 ε’μου
1106 2151 1194 2186 Rob.
1236 2146 1462 2186 κακοπτοᾙ
1429 2162 1537 2198 εμου
1560 2151 1598 2186 Ε.
1622 2151 1661 2186 G.

306 2208 369 2243 76.
410 2200 511 2255 α’ρης
531 2218 612 2256 φυ9
615 2203 704 2241 άσιν
723 2207 768 2241 M.
791 2207 854 2241 sed
875 2211 914 2241 ut
934 2207 1031 2253 plius
1054 2206 1159 2241 suerit
1177 2218 1259 2256 cpvy
1262 2208 1370 2250 ἄσιν,
1393 2213 1429 2242 et
1450 2206 1489 2241 Ε.
1512 2207 1549 2242 P.
1573 2206 1661 2242 Rob.

191 2255 293 2312 ἀρῆς
313 2273 385 2310 qv>
388 2263 487 2296 ’ᾶσιν
508 2262 547 2297 G.
589 2262 747 2297 Ionicum
768 2267 807 2297 ut
829 2257 929 2310 ἀρης
950 2273 1030 2296 inox
1052 2267 1106 2296 est
1127 2274 1158 2296 v.
1184 2263 1246 2298 78.
1270 2258 1392 2310 ἰθείη.

306 2318 370 2353 78.
411 2317 504 2351 Libri
525 2313 559 2351 εἰ
581 2314 684 2364 θείη,
707 2317 772 2351 nisi
795 2317 889 2363 quod
911 2328 952 2351 ex
972 2317 1009 2351 P.
1033 2317 1202 2351 Faehsius
1224 2317 1326 2351 affeit
1347 2311 1423 2351 εἴθ’
1445 2310 1517 2363 εἴη.
1557 2316 1663 2351 Posui

191 2367 313 2421 ιθείῃ,
334 2377 432 2406 recta
452 2372 632 2407 voluntate
654 2372 755 2407 Iovis.
797 2372 993 2417 Hesychius
1015 2368 1156 2414 ειθεῖα,
1179 2367 1385 2405 ὸικαιοσύν
1376 2383 1423 2418 ¹¹5·

305 2428 369 2463 80.
410 2421 634 2461 πάνταιιτοι
655 2426 700 2461 Μ.
741 2422 871 2477 πάντᾳ
894 2437 953 2461 τοι
976 2426 1015 2460 G.
1056 2421 1187 2475 πάντῃ
1208 2437 1268 2461 τοι
1291 2425 1379 2460 Rob.

302 2477 377 2516 κὰν
396 2481 440 2515 Μ.
464 2481 503 2515 G.

303 2532 485 2582 μέλαιναι
515 2529 700 2581 ξυντύχαι
723 2535 766 2570 Μ.
791 2535 830 2569 G.
877 2530 1061 2581 μέλαιναι
1083 2530 1153 2577 ξὺν
1172 2529 1274 2581 τύχα
1294 2535 1332 2570 Ε.
1379 2531 1549 2582 μέλαινα
1570 2533 1660 2579 ξυν-

190 2585 293 2637 τύχα
313 2586 630 2636 Βο1).με’7αιναι
653 2586 722 2633 ξίν
741 2585 856 2637 τύχαι
878 2586 1184 2636 Α1(1.με’ὶαιιαι
1206 2586 1408 2637 ξυντυχιάι
1429 2591 1534 2626 Turn.
1588 2603 1661 2638 με-

191 2642 308 2680 λἀινα
330 2642 400 2689 ξυν
419 2641 519 2696 τύχα
540 2646 732 2680 Porsonus.
783 2645 917 2691 Scripsi
945 2645 1142 2680 sententiae
1164 2650 1200 2681 et
1219 2646 1322 2680 meni
1343 2646 1471 2681 indicio
1491 2645 1565 2692 ιιε).
1570 2643 1661 2696 αιίᾳ

191 2711 232 2735 τε
253 2698 367 2753 τύχα.
406 2700 615 2748 Interpretis
636 2705 691 2736 est
711 2695 799 2746 ξύν,
821 2700 892 2736 sive
913 2700 941 2736 is
962 2701 1052 2736 hanc
1074 2701 1393 2748 praepositionem,
1427 2702 1497 2736 sixe
1519 2699 1660 2745 ξυντυ-
