1878 3115
214 189 266 226 40
778 191 1118 225 ADNOTATIONES

215 309 334 339 suam,
372 297 612 333 traiectionem
647 296 833 331 verborum
871 295 1030 341 confugit
1058 294 1235 341 scribique
1266 295 1375 330 voluit
1402 289 1502 344 πρὸς
1523 288 1568 330 ὃν
1581 290 1684 342 χιών

212 348 370 402 ὑδρηλοὶ
398 348 566 400 γίγνεται
589 347 699 400 νέᾳη.
746 351 783 385 Id
812 350 968 397 probans
991 350 1204 386 Schaeserus
1232 350 1379 386 ridicule
1409 346 1449 385 ὁ)
1475 350 1683 386 existimavit

214 408 351 443 numeri
372 413 491 442 notam
513 418 611 447 esse,
636 417 704 451 qua
725 402 824 455 νέφη
847 411 972 452 quarto
994 406 1074 441 1000
1098 405 1302 452 ponendum
1324 406 1593 452 significaretur.
1634 406 1682 441 ll-

213 464 273 498 lud
301 462 403 498 ambo
432 473 502 496 non
530 461 711 502 viderunt,
746 461 963 497 rhetoricum
984 461 1104 496 vitium
1126 461 1276 496 orationi
1297 461 1436 502 inferri,
1473 461 1501 496 si
1517 456 1618 508 χιών
1639 472 1681 496 00

213 519 293 553 1000
314 523 518 564 poneretur,
541 516 601 551 ubi
623 517 836 552 collocatum
859 518 991 563 opponi
1012 517 1108 551 nives
1130 516 1231 551 imbri
1253 522 1312 551 aut
1333 516 1455 551 nescio
1478 517 1534 552 eui
1555 517 1611 551 alii
1632 517 1683 551 rei

213 572 438 619 significaret.
481 573 519 607 G.
543 572 741 607 Dindorfius
772 567 930 621 κύᾳελλί
953 567 1112 621 ὖὸρηλά
1141 572 1312 613 coniecit,
1343 572 1377 607 in
1399 572 1579 607 Thesauro
1602 572 1684 607 Ste-

212 628 317 674 phani
346 628 457 674 magis
485 627 640 674 probans
671 623 768 677 νέφη
802 623 960 677 δίυόρα.
1000 627 1252 674 Recipiendum
1275 628 1352 662 duxi
1376 622 1565 677 κύφελλα,
1587 628 1681 669 licet,

212 684 308 730 quod
337 684 462 724 seiam,
495 694 535 717 ex
555 683 795 718 Alexandrinis
824 688 959 717 tantuin
990 683 1106 730 poetis
1143 683 1356 718 Callimacho
1394 688 1429 718 et
1449 683 1683 730 Lyeophrone

212 739 368 774 allatuin.
410 738 606 785 Hesychius
629 733 825 788 κύᾳελλα,
855 734 905 773 τὰ
934 734 1055 788 νέφη,
1091 735 1232 788 νεφέλη
1262 734 1494 787 γνοᾳιώὸῑης,
1525 733 1682 786 ὁμίχλη,

212 789 433 840 ὃμιχλ.(ῦὸἐς
461 789 712 840 κατάστημα.
766 794 804 828 V.
837 794 999 835 Suidain,
1036 794 1149 840 Etym.
1173 794 1216 828 Μ.
1250 805 1285 840 1).
1310 796 1373 835 90,
1398 795 1462 830 42.
1502 795 1592 835 549,
1621 796 1681 830 17.

212 849 339 884 Zonar.
370 861 404 895 p.
436 850 552 885 1270.
595 848 750 884 Crameri
778 849 911 885 Anecd.
935 850 1044 885 Oxon.
1067 850 1108 884 ll.
1131 861 1166 896 p.
1191 851 1283 890 453,
1310 850 1374 886 28.
1417 848 1537 884 Schol.
1567 849 1684 896 Lyco-

212 905 291 950 phr.
315 904 358 939 ad
378 916 408 939 v.
438 905 554 940 1426.

327 960 417 995 763.
439 955 607 1007 ὴλισσας
626 959 670 994 M.
710 954 878 1007 ἡλίσσας
900 960 938 994 G.
962 959 1000 994 E.
1041 952 1210 1006 ἥλισσας
1230 959 1318 994 1101).
1369 954 1390 1006 ἢ
1415 955 1556 1002 λισσὰς
1575 960 1680 995 Turn.

323 1015 417 1050 llaec
439 1015 551 1049 divina
571 1015 761 1049 immensae
784 1015 974 1049 altitudinis
992 1014 1183 1060 descriptio
1196 1015 1248 1049 rita
1264 1015 1415 1050 excessit
1431 1020 1573 1061 captum
1591 1027 1684 1062 quo-

210 1070 358 1104 rundam
374 1066 637 1117 χαλιιαιςήλων
658 1070 873 1106 criticorum.
892 1076 931 1105 ut
948 1065 1230 1119 ἀπρόςόεικτος
1246 1070 1333 1105 alius
1350 1070 1385 1104 in
1403 1064 1681 1119 ἀπρόςόεκτος,

210 1125 297 1160 alius
318 1125 353 1159 in
376 1121 677 1173 ἁπρόστειπτος,
700 1125 786 1160 alius
809 1126 843 1159 in
866 1120 1151 1174 ἀπρόστεικτος
1171 1126 1299 1160 mutari
1312 1125 1453 1166 vellent,
1472 1137 1542 1160 1100
1560 1126 1683 1161 viden-

210 1185 275 1220 tes,
299 1179 357 1214 ubi
381 1176 538 1227 αἰγίλιψ
559 1180 652 1215 dicta
674 1186 770 1215 esset
790 1191 909 1226 rupes,
933 1180 1153 1226 ineptissime
1174 1180 1348 1215 vocabula
1369 1181 1528 1227 adiungi,
1553 1181 1680 1228 quibus

210 1234 468 1281 significaretur
483 1235 644 1270 homines
661 1235 764 1270 altius
781 1246 885 1281 quam
901 1235 1107 1282 rupicapras
1125 1235 1355 1271 adscendere.
1379 1231 1682 1285 Ἀπρόςδεικτος

209 1295 264 1325 est
285 1290 384 1326 euius
406 1301 577 1326 cacumen
598 1302 641 1326 ne
663 1291 933 1325 commonstrari
953 1291 1093 1337 quidem
1110 1296 1249 1337 potest:
1274 1291 1501 1338 cogitandum
1518 1296 1574 1327 est
1589 1292 1680 1327 enim

209 1345 251 1380 de
274 1357 316 1381 00
340 1346 398 1392 qui
418 1357 531 1392 prope
553 1346 596 1380 ad
616 1346 728 1392 ipsam
750 1351 977 1392 praeruptam
998 1357 1122 1392 rupem
1145 1347 1272 1381 adstat.

323 1402 414 1437 764.
457 1397 605 1449 κρέμας
626 1401 668 1436 M.
692 1401 730 1435 E.
754 1401 841 1436 Rob.
883 1396 1036 1450 ἠρέμας
1057 1402 1095 1436 G.

322 1458 412 1492 767.
452 1456 575 1491 Addidi
595 1468 657 1503 με.
694 1456 939 1491 Observaudus
957 1461 1011 1491 est
1026 1467 1194 1491 numerus
1211 1457 1314 1492 huius
1331 1457 1482 1499 distichi,
1499 1457 1679 1494 afflictioni

207 1521 272 1557 per
292 1522 455 1546 versuum
477 1506 750 1559 ἀκαταληξίαν
772 1512 1138 1547 convenientissimus.

322 1568 412 1603 769.
457 1562 588 1602 κύσειν
608 1567 652 1601 Μ.
677 1568 715 1602 G.
739 1573 774 1602 et
795 1567 906 1603 codex
926 1567 1133 1602 Robortelli.
1176 1563 1288 1602 κυσὶν
1308 1567 1396 1602 1101).

319 1616 443 1657 ἴπειθ)
467 1622 593 1657 abesse
616 1634 634 1657 a
655 1623 692 1657 P.
715 1622 854 1657 dicitur.

323 1679 414 1714 770.
456 1671 606 1726 ὄρνισιν
626 1678 670 1712 M.
695 1678 733 1713 G.
757 1677 845 1713 Rob.
889 1678 1097 1713 Correctum
1120 1678 1153 1712 in
1174 1677 1309 1712 Aldina.

319 1728 481 1767 ὁέίπναν
502 1732 545 1767 Μ.
588 1730 726 1767 δεῖπνα
747 1733 835 1768 1101).
878 1730 1037 1767 δεῖπνον
1059 1734 1097 1768 G.

319 1789 409 1824 772.
451 1787 700 1836 φιλαιακτιῦν
718 1788 761 1823 M.
785 1788 873 1823 Rob.
915 1790 1109 1824 Aecentuin
1133 1789 1286 1824 correxit
1306 1788 1505 1825 Lobeckius
1528 1790 1676 1837 I‘aralip.

204 1854 239 1888 p.
264 1844 356 1879 497.
398 1839 510 1892 (μ’λαι
533 1840 575 1878 ἐκ
596 1845 675 1879 τῶν
695 1844 734 1879 G.

319 1900 410 1934 773.
452 1899 545 1933 Libri
566 1899 619 1933 bis
641 1895 806 1934 ἐλθέτω.
848 1899 1006 1934 Correxit
1026 1899 1203 1934 Pauwius.

319 1954 410 1989 775.
443 1956 533 1989 776.
576 1949 644 1988 τίν’
668 1949 769 2003 ἀμφ’
795 1949 922 1996 αὑτᾶς
958 1949 1042 1994 (τὴ)
1068 1950 1138 2003 ἀφ’
1165 1950 1290 1997 αὐτὰς
1318 1954 1423 2001 Rob.)
1461 1950 1516 1990 ἔτι
1552 1951 1678 2004 πόρον

203 2003 332 2054 τέμνω
352 2004 483 2056 γάμου
505 2005 568 2042 καὶ
591 2004 758 2057 λυτήρια
773 2009 816 2043 M.
835 2010 873 2043 G.
891 2009 929 2043 E.
948 2009 1036 2043 Rob.
1060 2015 1106 2050 et,
1130 2015 1168 2044 ut
1188 2010 1336 2050 videtur,
1358 2010 1394 2044 Ρ.
1432 2006 1550 2045 λείπει
1572 2005 1676 2060 εὕρω

203 2074 325 2109 margo
349 2064 390 2098 M.
415 2064 453 2098 G.
476 2064 515 2098 E.
564 2057 666 2113 εὕρω
695 2075 760 2110 1)Γο
790 2060 918 2110 τέμνω
939 2065 1044 2099 Turn.
1095 2065 1218 2099 Addidi
1240 2059 1265 2112 ἤ
1287 2065 1321 2099 in
1342 2065 1516 2111 principio
1539 2078 1673 2102 versus.

205 2117 368 2153 Ceterum
398 2130 468 2153 non
498 2130 586 2165 opus
618 2130 697 2154 esse
725 2124 812 2166 puto
835 2124 873 2155 ut
895 2120 1079 2155 ostendam
1101 2131 1191 2167 quae
1213 2120 1316 2167 posui
1336 2120 1371 2155 in
1392 2120 1562 2156 librorum
1585 2122 1675 2158 seri-

202 2178 306 2219 ptura
329 2174 522 2209 delituisse.

317 2231 407 2265 777.
450 2225 553 2273 ἷύζευ
576 2224 616 2264 δ’
642 2229 686 2264 Μ.
719 2230 757 2265 G.
780 2229 818 2264 E.
861 2224 939 2274 ἴυζε
963 2225 1003 2264 δ”
1029 2230 1117 2265 1101).

317 2286 547 2321 778—780.
589 2285 683 2320 Haec
713 2296 855 2332 quoque
885 2285 935 2320 sic
956 2291 995 2320 ut
1016 2285 1082 2321 feci
1105 2286 1290 2322 scribenda
1312 2286 1419 2322 fuisse
1442 2292 1477 2322 et
1499 2288 1673 2323 sententia

202 2339 307 2374 docet
329 2345 364 2374 et
384 2345 547 2375 inc-trum.

316 2396 406 2432 778.
447 2395 541 2430 Libri
561 2390 660 2443 μέλι]
683 2391 824 2430 λίτανα
845 2394 976 2431 θεοῖσι
998 2392 1076 2431 καί.

316 2452 406 2486 779.
447 2450 539 2485 Libri
560 2447 673 2486 τέλεα
693 2447 837 2496 (τέλεια
857 2451 962 2496 1101).)
986 2447 1032 2487 δέ
1047 2462 1115 2498 μοι
1137 2451 1221 2493 πῶς
1240 2447 1438 2498 πελομὲνα
1459 2447 1672 2500 (πελόμένιι

202 2504 305 2550 Rob.)
326 2516 407 2551 μοι.

315 2562 405 2596 780.
447 2560 540 2595 Libri
563 2555 713 2607 λύσιμα
732 2556 893 2608 μάχιμα
915 2556 971 2595 δ’.

314 2616 403 2651 781.
446 2615 537 2650 Libri
558 2612 674 2660 βίαια
693 2612 749 2664 μὴ
772 2615 899 2666 φιλεῖς
919 2611 1036 2665 ὁρῶν,
1058 2618 1123 2651 nisi
1147 2617 1241 2664 quod
1264 2619 1302 2652 G.
1326 2612 1424 2666 ὁρᾶν
1444 2617 1563 2652 habet.
1601 2617 1670 2652 Re-

200 2680 360 2715 pugnans
382 2670 449 2716 legi
472 2672 721 2716 grammaticae
741 2668 797 2719 μὴ
820 2671 948 2722 φιλεῖς
969 2678 1084 2708 ortum
1107 2673 1215 2708 credo
1238 2685 1277 2708 ex
1298 2673 1591 2719 interpretatione
1611 2669 1668 2720 μὴ
