1878 3115
213 210 290 248 104
771 207 1114 243 ADNOTATIONES

327 318 417 354 529.
456 314 569 350 θεῖτο
591 314 634 349 Μ.
657 314 723 349 vit.
745 314 872 359 aliique
894 317 930 348 et
949 312 1026 347 Ald.

327 374 417 409 530.
459 366 675 416 ἐλινύσαιμι
703 369 747 404 Μ.
778 369 845 404 Vit.
876 368 965 403 Rob.
1021 362 1268 413 ἔλλίντσαιμι
1290 365 1329 401 G.
1386 359 1560 401 ἔλίνυσαι
1587 365 1683 412 Lips.

212 433 301 476 Aug.
341 422 582 472 ἕλιννύσαιμι
602 425 679 460 Ald.
702 425 807 459 Turn.
1085 439 1088 442 ·

323 478 428 518 ὃσιάι
451 482 489 515 G.

326 539 416 574 531.
456 531 616 576 θοιναις
628 530 907 582 ποτιιισομένα
922 534 966 569 Μ.
1002 526 1684 579 nozcvcooom'va901'vaagLips.Aug.

327 593 419 629 532.
457 585 689 641 βουφώνοις
709 590 749 625 G.

324 648 472 683 Codices
495 646 621 682 ctAld.
638 645 727 681 Rob.
750 639 938 680 ὠκεανοῦ.
968 644 1016 679 Ex
1036 643 1187 679 Turnebi
1210 643 1363 678 editione
1378 642 1530 677 manavit
1546 636 1689 677 'EA-fa-

211 704 306 739 νοῖο.
345 704 384 738 Id
404 714 476 738 non
497 702 695 737 tenuissent
716 701 889 741 editores,
913 700 942 735 si
963 700 1123 747 cognitas
1144 699 1352 734 habuissent
1372 698 1470 747 leges
1491 698 1595 732 huius
1617 697 1689 732 Do·-

211 760 274 795 rici
303 764 498 794 metrorum
526 757 679 804 generis.
727 755 966 791 Blomfieldius
995 755 1127 791 rectius
1154 755 1325 790 tacuisset
1347 725 1441 800 (111on
1463 754 1537 788 sine
1559 753 1688 788 iudicio

212 815 355 861 scripsit
375 814 554 849 Porsonus
575 812 805 878 H²esychiu¹n
811 812 867 847 hic
889 811 1018 858 legisse
1035 805 1252 845 Ὠκεανῡῖο.
1292 810 1377 844 Nam
1400 809 1449 844 sic
1470 809 1548 850 ille,
1575 803 1690 843 Ὠκε-

214 871 323 905 ανοῖο
343 865 479 917 πόρον,
499 864 570 904 τὸν
589 863 700 917 ἀέρα,
722 864 776 910 εἷς
796 861 841 902 ὃν
862 862 902 901 αἱ
922 863 1051 914 ψυχαι
1068 867 1148 901 τῶν
1161 864 1226 901 τε)
1229 860 1435 901 ευτώντων
1450 859 1688 913 ἀποχωροῦ-

212 936 287 962 σιν.
328 925 425 968 Quae
447 924 530 970 quid
550 923 594 958 ad
613 921 853 969 Aeschylum?

328 982 418 1017 534.
460 980 589 1014 Omnes
611 978 689 1013 libri
711 973 813 1013 ἀ77ά
833 988 915 1024 μοι.
955 976 1088 1012 Deinde
1110 971 1200 1012 ‘cdd‘
1225 969 1383 1022 ἔιιμὲνοι
1406 975 1445 1010 G.
1468 975 1534 1010 Vit.
1558 975 1690 1010 ceteii-

215 1046 283 1082 que
313 1036 473 1082 plerique
504 1034 646 1070 codices
676 1039 711 1068 et
731 1033 819 1068 Rob.
870 1033 922 1067 lta
951 1033 1055 1067 etiam
1077 1032 1121 1067 Μ.
1152 1031 1215 1066 sed
1236 1036 1275 1066 ut
1295 1031 1392 1078 prius
1413 1044 1474 1078 μ
1465 1042 1484 1066 a
1505 1042 1610 1066 manu
1631 1041 1691 1065 se-

213 1090 326 1125 cunda
347 1090 503 1125 additum
524 1090 580 1124 sit.
619 1084 710 1125 τόδε
729 1084 838 1135 μένω
861 1088 955 1134 Lips.
977 1090 1065 1134 Aug.
1088 1087 1186 1122 Bess.
1208 1087 1286 1122 Ald.
1308 1087 1413 1121 Tu11.1
1454 1081 1544 1122 τόδ’
1569 1081 1692 1132 ἐμμέ-

212 1157 266 1180 νει
290 1145 453 1180 Cantabr.
479 1146 514 1181 2.
544 1145 621 1179 Par.
645 1145 681 1179 F.
705 1144 746 1178 Κ.
794 1139 883 1179 τόδ’
909 1139 1055 1189 ἐμμένη
1078 1142 1217 1177 Pa1.D.
1265 1153 1334 1188 μοι
1365 1137 1405 1175 ‹j'
1431 1137 1589 1188 ἐμμένοι
1611 1141 1689 1176 Pal.

212 1201 251 1236 Ε.
295 1200 550 1243 Quaesiverunt
578 1199 681 1234 metri
708 1199 828 1233 vitium
857 1199 969 1233 critici
990 1198 1023 1232 in
1044 1209 1148 1232 versu
1169 1197 1441 1243 antistrophicO.
1483 1196 1554 1231 Sed
1575 1207 1691 1242 neque

212 1256 339 1290 iustam
373 1256 645 1302 responsionem
671 1254 862 1289 restituere
890 1257 1106 1300 potuerunt,
1144 1258 1180 1287 et
1209 1252 1346 1287 numeri
1365 1252 1484 1298 potius
1507 1252 1691 1298 stropham

213 1311 457 1357 corrigendam
480 1322 559 1346 esse
583 1309 787 1345 ostendunt.
831 1308 946 1351 Quare
969 1303 1073 1343 ἀλλά
1094 1308 1128 1342 in
1147 1303 1261 1354 μάλα
1280 1308 1409 1342 mutavi
1420 1330 1435 1348 ,-
1460 1302 1548 1343 τόδ’
1573 1312 1691 1342 autem

212 1367 246 1401 in
275 1362 395 1410 τοῦτ’,
424 1366 530 1413 idque
560 1366 664 1401 etiam
693 1369 884 1411 propterea
906 1368 1082 1411 praestat,
1116 1360 1211 1410 quod
1234 1358 1323 1399 τόδε
1346 1363 1419 1398 sere
1441 1363 1485 1398 ad
1507 1363 1692 1410 sequentia

212 1421 377 1456 refertur.

327 1477 418 1512 536.
460 1476 554 1511 Libri
573 1470 664 1523 ἡδύ.
704 1474 853 1509 Restitui
875 1474 1035 1510 Doricam
1059 1473 1219 1509 sormam.

323 1527 564 1580 θερσαλέως
583 1531 677 1577 Lips

327 1587 417 1623 537.
459 1583 551 1621 τίνει
572 1586 617 1621 Μ.
639 1597 658 1621 a
678 1586 790 1632 prima
811 1596 936 1620 manu:
967 1585 1147 1619 recentior
1166 1584 1277 1631 priori
1299 1584 1452 1631 syllabae
1475 1595 1527 1628 ει,
1551 1584 1650 1619 alteri
1672 1596 1693 1618 ν

213 1642 477 1688 superscripsit.

330 1698 420 1733 538.
460 1690 702 1745 εὖφοοσύνῃ,
724 1695 786 1730 sed
809 1695 851 1730 ab
874 1695 997 1730 eadem
1018 1706 1123 1729 manu
1145 1695 1390 1741 superscripto
1414 1705 1488 1739 αις,
1510 1694 1577 1729 Vit.

327 1753 417 1788 539.
460 1747 678 1799 ὁεοκοιιένα
699 1751 742 1785 Μ.
767 1751 1007 1797 [1.Vit.Lips
1030 1752 1119 1797 Aug.
1144 1750 1309 1785 Cantabr.
1334 1750 1690 1786 1.v0n2.1>a1.A.

213 1807 250 1842 Β.
275 1807 311 1842 C.
334 1806 373 1842 N.
417 1802 633 1856 ὁερκομέιη
655 1806 840 1841 editiones.
1689 1822 1692 1826 ,

328 1864 418 1898 540.
458 1857 633 1908 μόχθοις
653 1861 783 1896 ultimis
807 1861 942 1896 duabus
964 1861 1090 1896 litteris
1113 1872 1131 1895 a
1153 1871 1226 1895 sec.
1248 1872 1355 1895 manu
1376 1860 1420 1895 Μ.

324 1918 434 1952 Metra
470 1917 662 1952 ostendunt
697 1917 822 1952 deesse
858 1917 914 1952 hie
951 1922 1121 1962 quattuor
1156 1916 1307 1963 syllabas
1344 1926 1518 1962 paeonem
1549 1915 1692 1950 tertium

213 1972 419 2007 efficientes.
480 1972 658 2007 Excidisse
686 1972 823 2006 videtur
852 1971 1054 2006 adverbium
1087 1973 1281 2007 crudeliter
1302 1972 1356 2006 vel
1383 1973 1694 2008 immiserabiliter

214 2027 428 2073 significans.

328 2083 418 2118 542.
459 2076 611 2129 γνώμαι
634 2081 677 2115 Μ.
702 2086 736 2115 ct
752 2081 864 2127 Mosq.
890 2083 920 2116 l.
961 2076 1099 2129 γνώμῃ
1123 2081 1161 2115 G.
1185 2081 1251 2115 Vit.
1274 2081 1369 2127 Lips.
1392 2082 1480 2126 Aug.
1504 2078 1583 2115 edd.
1607 2086 1690 2115 vett.

325 2137 449 2172 Sciens
477 2137 606 2183 ignaris
636 2147 738 2171 verae
762 2136 958 2182 scripturae
981 2132 1135 2186 αὖτόνῳ
1157 2132 1297 2188 γνώμᾳ
1318 2136 1543 2171 adnumeror.
1586 2136 1625 2170 V.
1649 2136 1692 2171 ad

215 2203 244 2226 v.
271 2193 361 2228 534.

326 2243 425 2294 σέβη
447 2247 500 2281 vel
522 2242 621 2295 03'2'3'25
644 2246 734 2281 libri.

328 2303 418 2338 543.
458 2298 637 2343 θνατοὺς
655 2302 751 2347 Lips.
775 2302 1018 2348 superscripto
1038 2313 1072 2348 η,
1095 2307 1130 2336 et
1152 2302 1274 2337 ceteri.
1315 2297 1493 2348 θνητοὺς
1507 2300 1583 2336 ΑΜ.
1603 2300 1692 2336 Rob.

328 2358 418 2394 544.
461 2351 603 2405 ἄχαρις
624 2352 854 2406 (Ποηχάρις)
877 2351 1019 2406 ἄχαρις
1040 2357 1083 2391 Μ.
1119 2353 1240 2405 χάρις
1261 2351 1403 2405 ἄχαρις
1425 2357 1546 2392 ceteri.
1590 2350 1692 2403 δίχα·
1715 2360 1721 2364 “

215 2422 275 2459 ρις
288 2407 408 2461 χάρις
427 2413 560 2459 piiinus
582 2411 777 2447 Turnebus.
819 2412 894 2447 Alio
918 2423 1025 2447 sensu
1047 2412 1259 2447 Plutarchus
1282 2413 1324 2447 de
1347 2412 1505 2448 Somatis
1527 2412 1631 2458 genio
1654 2423 1689 2457 p.

217 2467 307 2502 583.
330 2467 367 2501 F.
399 2464 461 2501 καὶ
492 2464 572 2514 μὴν
601 2462 693 2502 οὐδὲ
715 2462 856 2516 ἇογόν,
887 2463 981 2516 ἔφη,
1013 2463 1277 2513 καθισόμεθα
1298 2469 1571 2531 ᾳοουοοῦντες
1591 2462 1691 2501 οἴκοι

213 2532 283 2555 τον
309 2520 499 2557 πλοῦτον·
532 2517 712 2571 ἄχαρις
700 2518 776 2571 «ἂο
807 2518 855 2557 ἂν
884 2517 1013 2564 οὕτως
1040 2517 1063 2570 ἡ
1089 2519 1209 2571 χάοις
1238 2520 1301 2557 καὶ
1333 2517 1476 2569 ἄτιμος
1495 2535 1519 2570 η
1543 2532 1692 2569 κτησις.

215 2576 420 2622 Aeschylus,
445 2583 482 2612 ut
502 2578 571 2618 hic,
596 2578 645 2613 sic
667 2579 801 2629 Agam.
819 2579 934 2613 1510.
959 2578 981 2613 C
986 2578 1117 2624 hoeph.
1143 2580 1207 2614 40.

326 2631 431 2666 Plene
452 2633 649 2678 interpuuxi
671 2639 751 2668 ante
773 2623 804 2667 ὦ
821 2629 948 2683 ᾳί7ος.
983 2633 1021 2667 N
1016 2644 1068 2668 uu
1086 2634 1181 2680 quod
1198 2633 1415 2668 Blonifieldio
1434 2632 1562 2679 placet,
1582 2623 1694 2672 ὅπως

214 2696 292 2719 cum
314 2682 399 2720 εἶπέ
415 2688 690 2722 construendum
712 2699 816 2729 esse,
855 2689 1065 2724 sententiani
1087 2689 1236 2735 piaehet
1257 2689 1405 2724 alienam
1432 2686 1474 2722 ab
1496 2686 1599 2722 huius
1624 2686 1693 2721 loci
