1878 3115
212 186 264 226 30
771 184 1114 221 ΑΠΝΟΤΑΤΙΟΝΕΞ

329 296 419 332 587.
460 287 623 342 ἕνόσπερ
644 287 739 340 ἡμῖν
759 291 802 326 Μ.
826 291 862 325 P.
884 290 923 324 E.
966 283 1071 325 ἔνεπε
1093 281 1135 322 δ’
1158 280 1254 335 ἡμῖν
1275 285 1314 321 G.
1365 279 1492 321 ἔνισπε
1524 276 1566 318 δ”
1589 277 1686 331 ἡμῖν

215 351 303 387 Rob.

326 417 390 440 ποι
413 404 504 449 (sine
527 402 617 448 acc.)
640 396 879 450 κεκύρτωται
903 398 947 433 Μ.
988 398 1066 435 ποῦ
1087 392 1329 446 κεκύρτωται
1347 395 1387 431 G.
1405 395 1444 430 E.
1487 387 1686 443 κεκύρτω-

216 473 285 498 ται
308 462 411 496 etiam
433 461 469 494 P.
511 459 586 492 ποῖ
600 452 817 505 κεκύρωται
839 454 928 490 Rob.

330 528 419 563 588.
456 518 794 571 χειροπληθύεται
816 522 859 556 M.
879 521 915 555 P.
939 520 977 555 Ε.
1001 519 1089 554 Rob.
1124 515 1343 567 χειροπλη·
1365 511 1510 551 θύεται
1533 515 1572 550 G.
1620 513 1687 557 Qui

210 579 297 629 χεὶρ
319 575 426 622 ὅπως
447 580 676 615 coniecerunt
696 583 735 612 ut
750 576 946 616 Turnebus,
970 575 1022 610 vel
1038 570 1126 623 χεὶρ
1149 567 1237 609 ὅποι
1259 578 1299 608 ut
1315 572 1504 611 Victorius,
1526 570 1582 605 vel
1596 566 1685 619 χεὶρ

217 632 294 686 ὅπῃ
316 642 354 671 ut
376 635 569 675 Dohraeus,
591 634 645 669 vel
660 630 747 682 χείρ
770 628 811 667 θ’
836 625 913 680 ὅπῃ
935 637 974 665 ut
996 629 1207 670 Dimlorfius,
1230 627 1284 663 bis
1305 627 1398 663 idem
1421 627 1488 663 dici
1510 626 1684 661 fecerunt.

218 695 332 736 Quare
348 688 436 739 χεὶρ
458 684 554 738 ὅπερ
575 684 821 736 πληθύνεται
845 687 983 733 scripsi.

332 748 422 782 590.
464 740 556 780 ὥστ)
580 739 630 779 ἀν
647 739 843 792 ἦβήσαιμι
866 743 910 777 M.
934 744 973 777 G.
1016 734 1071 782 ὡς
1091 734 1122 775 τ’
1148 734 1197 774 ἂν
1216 733 1434 787 ἡυλήσαιμι
1457 737 1546 773 Rob.
1590 729 1683 772 ὥστ’

219 798 268 837 ἂν
290 796 481 850 ἦγήσαιμι
504 800 542 835 Ε.
584 795 788 847 ἀνηβῆσαί
802 810 851 846 με
873 797 1100 845 TyrwhittuS.

329 857 483 906 γηραιίῦ
503 855 591 890 Rob.

333 956 424 992 592.
466 921 593 1002 >cystim
613 953 657 988 M.

333 1012 425 1046 594.
466 1004 758 1058 καρυσιάστους
771 1008 814 1042 M.
827 1008 866 1043 G.
899 1003 963 1042 καὶ
980 1000 1316 1057 ῥυσιάστουςΙὶοΙ).
1338 996 1639 1054 βαρυσιάστους
1650 1001 1688 1036 Ε.

330 1061 400 1109 ξύν
420 1077 459 1100 τε
480 1066 568 1100 Rob.
614 1060 684 1107 ξὺν
704 1063 742 1098 Ε.

331 1116 475 1155 ἀσυλία
496 1120 584 1155 Rob.

334 1177 425 1212 598.
468 1168 700 1221 ὁήμηλάτον
720 1172 826 1207 editio
847 1171 970 1206 Aldina
993 1171 1163 1217 Stephani
1184 1170 1264 1217 Byz.
1286 1171 1321 1205 in
1341 1181 1372 1205 v.
1395 1165 1534 1217 δῆμος.

333 1232 423 1267 599.
466 1225 622 1265 ἔπειθεν
641 1228 685 1262 M.
709 1228 748 1262 G.
771 1226 859 1261 Rob.
902 1222 1033 1262 ἔπειθε
1055 1226 1160 1261 Turn.

332 1287 424 1322 600.
468 1280 579 1332 ζηνὸς
599 1284 643 1318 Μ.
665 1283 705 1318 Ε.
727 1282 816 1317 Rob.
858 1278 943 1324 διὸς
963 1282 1002 1317 G.

333 1342 425 1377 601.
466 1340 559 1375 Libri
579 1333 774 1388 πρόᾳρων
793 1331 858 1373 ὤν.
898 1336 1103 1372 Emendavit
1125 1337 1309 1371 CanteruS.
1372 1336 1546 1375 Edicem,
1575 1345 1621 1370 ne
1641 1334 1690 1370 οἰ-

219 1398 315 1433 vitas
343 1407 516 1442 maynam
536 1397 576 1431 in
596 1398 758 1440 futurum
779 1399 915 1439 tempus
937 1393 1037 1428 Iocis
1057 1393 1153 1427 iram
1175 1397 1331 1438 auqeat,
1354 1391 1489 1437 quippe
1510 1391 1649 1437 duplex
1669 1402 1691 1426 a

223 1454 368 1487 ciuitate
386 1452 575 1498 piaculum
595 1461 706 1496 acque
727 1451 765 1484 in
787 1450 944 1494 hospites
968 1453 1074 1494 atque
1093 1448 1134 1482 in
1155 1448 1252 1493 ipsos
1274 1449 1366 1482 cives
1387 1448 1611 1481 commissum
1632 1446 1692 1480 in-

221 1508 389 1543 sanabile
409 1508 666 1542 nutrimentum
685 1505 865 1539 malorum
893 1506 983 1550 sore.
1024 1502 1191 1536 Nimirum
1214 1507 1249 1536 et
1270 1501 1429 1547 hospites
1449 1500 1690 1547 supplicantes

223 1573 293 1596 non
315 1561 467 1596 revereri
487 1566 522 1595 et
543 1571 655 1606 genus
679 1563 868 1605 cognatum
890 1558 1076 1604 repudiare
1098 1558 1242 1603 impium
1264 1562 1330 1592 est.

337 1617 428 1652 602.
468 1627 528 1664 γρ.
549 1613 743 1650 πλατῦναι
781 1614 825 1648 Μ.
848 1614 882 1648 in
903 1614 1060 1659 margine
1083 1618 1118 1647 et
1138 1613 1174 1647 P.

337 1672 428 1707 603.
469 1665 698 1720 προπόλεως
717 1669 762 1704 Μ.
803 1664 880 1718 πρὸ
901 1664 1052 1710 πόλεως
1067 1668 1189 1703 ceteri.
1230 1667 1269 1702 Id
1290 1666 1346 1701 hie
1367 1665 1464 1701 nihili
1486 1670 1552 1700 est.
1596 1665 1692 1708 Qua-

224 1738 261 1761 re
284 1737 432 1761 correxi.
1398 1760 1401 1762 ,

338 1782 428 1817 606.
471 1775 637 1816 ἵκλαναν
657 1774 948 1829 εὖκλήτοροςΜ.
961 1779 1000 1814 G.
1038 1772 1163 1813 Mad
1178 1770 1271 1812 ἄνευ
1293 1771 1487 1825 κλήτορος
1501 1775 1540 1810 Ε.
1573 1769 1692 1824 ἔκρα-

226 1849 296 1871 ναν
317 1831 553 1885 εὖκλήτορος
573 1835 661 1870 Rob.
704 1835 861 1870 Correxit
882 1834 1078 1869 Turnebus.

338 1893 429 1927 607.
455 1893 546 1927 608.
594 1891 689 1925 Libri
725 1885 979 1938 δημηγόρους
1013 1884 1051 1923 δ’
1075 1882 1245 1936 ἤκουσεν
1278 1881 1477 1928 εὐπειθεῖς
1509 1881 1694 1935 στροφὰς

227 1942 357 1992 δῆμος
372 1943 616 1992 Πελασγῶν·
638 1940 742 1986 Ζεὺς
763 1940 802 1978 δ’
822 1941 1031 1993 ἐπέκρανεν
1050 1940 1172 1985 τέλος.
1214 1943 1338 1977 Mirum
1353 1952 1448 1982 vero,
1467 1941 1594 1976 auditis
1612 1952 1694 1976 ora-

229 2000 362 2035 toribus
392 2000 557 2046 sactoque
587 2000 752 2039 decreto,
790 2010 930 2033 rursum
960 1999 1069 2033 audiri
1101 1997 1378 2043 disceptationes
1409 1996 1691 2031 deliberantium.

227 2057 395 2101 Apertum
423 2060 476 2089 est
506 2055 591 2089 solvi
614 2055 814 2089 contionem
837 2053 1013 2089 debuisse.
1055 2054 1177 2099 Itaque
1199 2048 1335 2087 ἔλυσεν
1355 2051 1581 2086 scribendum
1604 2057 1691 2086 erat.

229 2110 357 2144 Deinde
380 2109 438 2155 qui
459 2110 549 2144 scire
570 2110 686 2155 potuit
706 2109 843 2143 Danaus
865 2108 1118 2155 comprobasse
1139 2109 1226 2142 haec
1248 2104 1391 2142 Iovem?
1430 2107 1578 2142 Accedit
1599 2107 1693 2153 quod

229 2165 261 2198 id
292 2165 423 2199 dictum
452 2170 506 2199 est
528 2176 605 2199 cum
628 2164 793 2199 insolenti
813 2164 1048 2210 productione
1070 2163 1261 2209 augmenti.
1303 2163 1412 2196 Immo
1436 2167 1559 2208 optare
1582 2162 1694 2197 debe—

228 2220 305 2259 bat,
336 2224 374 2253 ut
396 2220 645 2265 comprobaret
666 2220 834 2265 Iuppiter.
877 2218 928 2253 Ob
951 2230 1027 2253 eam
1049 2229 1210 2253 caussam
1233 2212 1411 2267 κράνειεν
1431 2217 1569 2264 scripsi.
1609 2213 1693 2252 Εὐ-

227 2274 359 2316 πιθεῗς
379 2274 615 2309 Blomlieldius
637 2275 680 2310 ad
701 2275 815 2309 Prom.
842 2275 932 2310 341.

341 2331 431 2366 609.
474 2325 636 2376 λέξομεν
655 2330 698 2364 Μ.
723 2330 760 2364 G.
784 2329 872 2364 Rob.
914 2324 1089 2375 λέξωμεν
1107 2327 1303 2363 Turnebus.

340 2380 520 2431 ἀργείους
542 2385 584 2419 M.
609 2390 688 2419 ante
711 2385 969 2420 correctionem
992 2390 1027 2419 et
1047 2383 1135 2419 Rob.

342 2442 387 2474 61
404 2442 432 2474 1.
474 2437 610 2482 ξενίοις
631 2436 755 2482 ξενίου
778 2439 816 2474 G.

342 2496 431 2529 013.
474 2490 690 2541 ἀμέμπτου]
716 2495 759 2529 M.
782 2494 870 2529 Rob.
922 2489 1129 2540 ἀμέμπτος
1159 2495 1198 2529 G.
1249 2493 1378 2540 Optimi
1408 2493 1485 2528 libri
1517 2493 1692 2539 scriptura

234 2559 302 2582 non
322 2548 436 2582 minus
459 2560 561 2594 quam
583 2550 756 2585 sententia
778 2544 985 2596 ἄμεμπτον
1005 2549 1230 2584 scribendum
1253 2560 1332 2584 esse
1354 2548 1542 2583 indicabat.

231 2658 267 2692 A‘
308 2604 434 2694 855214.
477 2604 574 2650 Sept.
604 2605 647 2640 ad
667 2605 729 2639 Th.
754 2606 845 2642 686.
876 2605 946 2639 νῦν
976 2597 1039 2639 ὅτε
1067 2614 1129 2639 σοι
1152 2600 1410 2653 παρέστακεν.
1452 2603 1490 2638 V.
1513 2603 1555 2637 ad
1579 2602 1689 2649 Soph.

261 2670 281 2692 ι.
364 2664 371 2672 “
391 2684 398 2692 .
