1878 3115
246 180 326 220 658
822 186 879 219 DE
906 187 962 219 RE
990 186 1175 219 SCENJCA

246 297 381 332 reatae,
404 291 473 326 hoc
495 296 551 325 est
571 290 760 326 duodecim
781 301 942 331 numero,
967 302 1118 337 quorum
1140 290 1280 325 dimidia
1300 301 1383 337 pars
1410 301 1474 337 pro
1499 291 1597 333 viris,
1621 292 1732 327 altera

245 358 311 394 pro
332 345 538 381 mulieribus
561 346 668 381 canit.
710 347 795 381 Nam
818 357 961 381 carmen
982 347 1098 393 ipsum
1121 346 1339 381 hemiehoria
1360 346 1493 392 prodit.

359 402 402 436 Et
431 402 597 447 quoniam
629 402 671 436 de
702 402 802 437 chori
832 402 1060 437 divisionibus
1088 402 1174 436 nihil
1203 407 1257 437 est
1286 413 1304 436 a
1334 402 1482 436 Franzio
1509 401 1728 442 adnotatum,

243 457 401 491 breviter
429 457 593 492 indicabo
625 457 818 497 rationem,
852 468 921 504 qua
942 458 976 492 in
997 457 1052 492 his
1080 457 1193 491 tribus
1220 457 1412 503 tragoediis
1435 457 1545 492 choro
1567 468 1653 492 usus
1675 462 1731 492 est

244 518 367 559 poeta.
417 513 692 558 Agamemnonis
722 513 896 559 pai-odas,
936 524 1025 559 quae
1056 513 1261 548 continetur
1288 512 1448 547 versibus
1482 513 1727 549 104—154.

247 567 536 614 [104—148.]
562 579 670 614 quum
693 579 734 603 ex
755 568 867 603 tribus
890 568 1046 615 strophis
1069 573 1230 609 constet,
1263 579 1353 614 quae
1382 568 1507 603 codem
1530 568 1731 614 epiphone—

246 629 339 658 mate
368 623 557 664 finiuntur,
596 624 752 670 singulas
783 624 949 670 strophas
979 635 998 658 a
1027 624 1142 670 quinis
1171 623 1372 663 choreufis,
1410 624 1479 658 hoc
1511 629 1565 658 cst
1593 623 1635 658 ab
1656 635 1728 658 uuo

244 675 391 729 σιῑοίχῳ
422 679 499 713 cani
530 679 698 714 ostendit.
750 678 919 725 Sequitur
948 679 1120 714 stasimon
1142 679 1243 714 chori
1263 691 1293 713 ν.
1318 680 1547 715 155-248
1572 678 1730 725 [149-

245 733 357 779 242}
407 734 565 768 Alterum
596 735 767 769 stasimon
789 746 819 769 ν.
841 736 1089 771 358-474.
1115 734 1212 781 [352
1237 755 1273 759 -—
1289 733 1401 779 466]
1426 734 1460 768 in
1483 734 1551 768 line
1573 734 1728 780 epodum

242 789 369 830 habet,
407 800 509 835 quam
541 795 711 835 quattuor
744 790 913 836 deinceps
944 790 1072 835 singuli
1101 801 1205 825 senes
1236 795 1387 828 canunt,
1426 789 1469 823 de
1500 801 1568 835 qua
1597 790 1664 824 dixi
1692 790 1727 824 in

243 846 375 890 Opusc.
396 844 461 878 vol.
481 845 549 879 Vll.
568 856 604 890 p.
625 846 689 880 46.
740 845 936 891 Disceptari
957 850 1079 891 potest
1100 845 1143 879 de
1165 844 1325 891 partibus
1348 844 1468 884 chori,
1494 844 1552 879 ubi
1575 846 1729 880 Cassan-

244 900 327 934 drae
349 910 406 933 res
430 900 556 945 agitur.
606 900 648 934 Et
679 911 892 945 quamquam
923 900 957 934 in
986 900 1055 934 hoc
1085 911 1216 945 genere
1245 899 1340 934 haud
1368 899 1469 934 facile
1500 900 1578 945 quis
1603 893 1728 935 afferet

243 955 339 1001 quod
368 955 499 1000 liquido
531 954 695 989 affirmari
725 955 860 1000 possit,
899 960 1015 989 tamen
1050 955 1203 1001 aliquam
1238 954 1523 1001 probabilitatem
1557 967 1726 990 numerus

243 1011 497 1045 cliorcutarum
519 1010 722 1045 coniicienti
744 1010 960 1056 suppeditat.
993 1010 1190 1057 Coryphaei
1210 1010 1374 1045 vvidentur
1395 1021 1486 1050 esse,
1511 1022 1600 1056 quae
1621 1022 1728 1057 prae-

243 1071 343 1099 sente
368 1065 648 1110 Clytaemnestra
670 1066 781 1100 choro
805 1066 885 1100 data
908 1071 1009 1107 sunt,
1042 1078 1072 1100 v.
1099 1067 1367 1102 1017—1039
1394 1065 1724 1112 [1006—1027].

243 1120 305 1155 Vbi
329 1120 608 1166 Clytaemnestra
632 1121 815 1161 discessit,
848 1132 983 1155 summa
1006 1127 1081 1155 arte
1105 1121 1325 1156 elaboratum
1348 1121 1448 1155 chori
1470 1132 1549 1156 eum
1573 1123 1726 1157 Cassan-

243 1176 303 1210 dra
334 1176 551 1222 colloquium
582 1188 599 1210 a
630 1189 661 1211 v.
686 1178 802 1212 1040.
827 1176 986 1223 [1029]
1019 1177 1183 1211 undecim
1212 1177 1363 1211 disticha
1394 1176 1541 1211 iambica
1563 1177 1722 1223 praebet,

242 1242 394 1277 quorum
426 1231 495 1265 (luo
526 1231 648 1266 ultima
670 1244 700 1267 V.
725 1234 840 1268 1090.
862 1232 1020 1278 [1078]
1053 1234 1167 1268 1101.
1193 1231 1352 1278 [1089]
1384 1232 1570 1267 adiunctos
1593 1233 1725 1268 habent

242 1287 439 1327 (toi-hunos,
465 1293 536 1321 tum
561 1288 635 1322 sine
658 1287 781 1322 iambis
803 1288 884 1323 bina
907 1288 1005 1323 chori
1027 1288 1302 1334 antisti-ophica,
1326 1287 1374 1322 ita
1395 1293 1433 1322 ut
1455 1288 1597 1322 omniuo
1620 1288 1725 1334 quiu—

243 1342 362 1377 decies
393 1343 524 1377 chorus
555 1343 729 1378 audiatur.
786 1344 874 1378 lliuc
902 1343 1040 1378 videtur
1070 1349 1167 1378 reete
1198 1343 1325 1378 eoniici
1361 1343 1519 1389 singulos
1555 1343 1724 1390 deinceps

243 1398 454 1437 choreutas‚
487 1404 522 1433 et
542 1399 676 1444 primos
707 1399 849 1445 quidem
878 1410 1003 1434 noveni
1034 1399 1130 1433 solos
1159 1398 1295 1433 iambos
1317 1399 1454 1439 ‹lieere3
1492 1399 1665 1434 decimum
1688 1406 1724 1434 et

243 1453 488 1494 undecimum,
511 1454 624 1499 magis
646 1455 713 1489 iam
736 1460 936 1491 commotos
958 1454 1000 1489 ab
1024 1454 1146 1489 iambis
1169 1454 1319 1489 transire
1341 1454 1384 1489 ad
1406 1454 1608 1495 (loelimios;
1639 1455 1724 1490 reli—

242 1520 332 1554 quos
355 1514 525 1554 quattuor
553 1510 706 1556 denique
735 1510 1044 1545 vehementissime
1076 1510 1303 1556 perturbatos
1334 1510 1418 1544 solis
1442 1509 1614 1544 dochmiis
1636 1511 1723 1545 hor-

240 1575 358 1598 rorem
392 1576 493 1598 suum
516 1565 682 1610 prodere.
735 1565 831 1608 Quae
860 1571 985 1612 postea
1017 1566 1147 1600 chorus
1170 1566 1203 1599 in
1226 1565 1456 1600 altercatione
1479 1576 1558 1599 cum
1582 1565 1723 1612 Clytae-

239 1624 397 1654 mnestra
419 1620 524 1660 canit,
548 1621 704 1667 singulas
727 1622 893 1667 strophas
916 1620 1144 1656 hemicltoriis
1169 1620 1273 1655 tribui
1294 1620 1347 1655 vel
1368 1621 1437 1655 hoc
1459 1620 1601 1661 suadet,
1626 1621 1722 1667 quod

241 1674 413 1721 quaedam
436 1686 557 1709 earum
579 1676 702 1711 eadem
725 1676 830 1711 verba
853 1677 1049 1711 continent.

354 1731 593 1777 Choephoron
625 1732 780 1778 perodus
811 1744 917 1778 quum
951 1732 1015 1766 tria
1046 1732 1273 1777 stropharum
1303 1732 1400 1778 paria
1430 1737 1536 1777 atque
1567 1732 1721 1778 epodum

240 1785 380 1825 haheat,
405 1797 475 1820 non
498 1787 616 1833 inepte
639 1792 817 1822 statuetur
838 1788 994 1834 singulas
1017 1787 1182 1833 strophas
1200 1798 1217 1822 a
1237 1787 1373 1821 duabus
1390 1787 1608 1828 mulieribus,
1631 1798 1721 1834 epo-

241 1841 322 1875 dum
353 1847 471 1876 autem
501 1853 519 1877 a
551 1842 663 1877 trihus
695 1844 784 1877 (fani.
842 1844 935 1878 lnter
963 1843 1182 1877 hemictmria
1212 1848 1329 1877 autem
1352 1842 1633 1877 distribuemlum
1654 1844 1721 1879 erit

240 1896 345 1931 breve
368 1908 511 1932 carmen
533 1910 572 1932 ex
595 1898 718 1932 ‹lualiis
741 1899 917 1944 strophis,
950 1899 1043 1945 quml
1074 1904 1129 1933 est
1158 1910 1175 1933 a
1208 1910 1238 1932 v.
1263 1900 1334 1934 150
1360 1897 1506 1944 [145.’].
1556 1899 1593 1932 ln
1620 1899 1719 1934 luctu

241 1953 514 1998 Agamemnonis
536 1953 728 1988 liberm-um
751 1959 786 1989 ct
808 1955 924 1994 chori,
958 1955 1057 1989 cuius
1087 1954 1222 1988 initium
1251 1958 1335 2000 post
1355 1954 1546 2000 coryphaei
1566 1965 1721 2000 anapae-

240 2012 315 2041 stos
339 2013 392 2042 est
413 2020 443 2042 v,
462 2010 552 2043 313.
578 2009 709 2054 [31⁶2]
742 2010 837 2054 quod
867 2021 1009 2044 carmen
1038 2010 1268 2043 vehementer
1296 2015 1502 2054 corruptum
1525 2014 1598 2049 est,
1633 2009 1720 2044 illud

240 2062 341 2097 facile
364 2063 591 2109 intelligitur,
629 2076 719 2109 quae
751 2065 851 2098 chori
880 2065 1048 2110 strophae
1070 2069 1171 2103 sunt,
1208 2064 1435 2099 licmiehoriis
1458 2076 1536 2098 csse
1558 2064 1720 2099 tribuen—

241 2117 314 2157 das,
338 2124 551 2163 anapaestos
573 2125 691 2153 autem
715 2120 772 2165 qui
795 2125 875 2154 sunt
897 2120 931 2154 in
952 2120 1068 2154 medio
1091 2132 1120 2153 v.
1136 2120 1226 2155 3136.
1247 2118 1377 2166 [367]
1402 2119 1593 2165 coryphaei
1613 2131 1715 2162 esse3

239 2173 319 2207 illos
342 2173 494 2219 denique
517 2175 575 2219 qui
597 2181 678 2209 sunt
701 2187 730 2209 v,
753 2177 843 2211 336.
867 2180 901 2209 et
925 2177 1016 2211 394.
1042 2174 1171 2221 [395]
1203 2180 1321 2209 utrum
1352 2175 1463 2213 idem,
1500 2186 1542 2209 an
1564 2186 1655 2209 unus
1677 2186 1718 2210 ex

239 2234 392 2274 utroque
421 2230 642 2264 hemichorio
674 2231 810 2271 recitet,
842 2230 986 2265 dubium
1017 2236 1083 2265 est.
1125 2230 1294 2276 Sequitur
1315 2242 1344 2265 v,
1370 2231 1460 2266 578.
1486 2229 1616 2277 [579]
1640 2236 1716 2266 sta-

241 2284 366 2318 simon.
410 2284 480 2319 Sed
501 2296 518 2319 a
541 2297 571 2319 v.
587 2287 677 2321 772.
698 2286 828 2332 [770]
852 2286 1027 2321 liberioris
1049 2286 1182 2321 formae
1205 2297 1347 2321 carmen
1370 2297 1410 2320 ex
1431 2291 1601 2331 quattuor
1621 2291 1718 2321 stro-

241 2340 390 2385 pharum
418 2340 578 2385 partibus
607 2346 643 2375 et
670 2341 817 2376 mesodo
848 2347 921 2381 est,
958 2347 997 2376 ut
1025 2342 1199 2376 incertum
1229 2341 1273 2375 sit
1301 2346 1388 2387 quot
1418 2341 1612 2377 cliorcutae
1642 2341 1717 2377 sin-

241 2395 341 2440 gulas
372 2396 539 2441 strophas
562 2396 768 2431 cecinerint.
824 2397 912 2432 Huic
935 2398 1079 2432 carmini
1101 2409 1144 2432 an
1167 2397 1279 2431 simile
1301 2397 1346 2431 sit
1366 2395 1469 2436 illud,
1505 2397 1600 2442 quod
1622 2402 1677 2432 est
1696 2408 1716 2433 a

240 2462 270 2484 v.
289 2451 381 2486 923.
414 2451 601 2485 videndum
630 2452 696 2486 erit
726 2452 870 2487 criticis.
920 2453 1144 2487 Lacunosum
1172 2452 1264 2487 enim
1287 2457 1360 2491 est,
1397 2457 1438 2486 ut
1463 2452 1548 2486 illud
1580 2457 1714 2487 tantum

240 2511 378 2551 pateat,
403 2506 482 2551 quia
505 2506 577 2541 sere
600 2517 639 2542 ex
662 2507 834 2542 dochmiis
856 2508 1093 2554 compositum
1116 2512 1191 2548 est,
1222 2519 1292 2542 non
1314 2507 1455 2541 recitari
1476 2518 1493 2541 a
1516 2508 1714 2543 coniunctis

240 2561 431 2595 inultorum
452 2562 609 2596 vocibus

351 2617 388 2650 In
410 2616 661 2652 Eumenidibus
684 2618 863 2663 quomodo
886 2617 1127 2653 distribuenda
1149 2618 1219 2653 sint
1240 2618 1394 2653 carmina
1425 2618 1567 2654 chorica
1591 2619 1657 2655 dixi
1678 2620 1712 2655 in

238 2671 373 2706 Mtilleri
395 2671 625 2707 Eumenidum
649 2685 811 2708 rensura.
