1878 3115
727 219 783 251 AD
813 219 1061 252 sx’PPLICEs.
1587 213 1637 251 37

277 315 430 369 ὀργμάς
450 319 488 355 E.

281 378 371 412 734.
412 375 565 423 ταχεῖαι
588 375 632 410 Μ.
655 372 792 428 ταχείᾳ
814 376 902 412 Rob.
944 378 1083 424 ταχεῖα
1108 377 1146 413 G.

278 430 416 479 στολῆι
439 432 482 466 M.
524 430 649 481 στολῇ
670 434 708 467 G.
733 432 819 467 Rob.
862 429 983 480 στολὴ
1005 433 1111 468 Turn.

281 488 371 523 735.
415 482 624 533 πισ,ιιάτων
643 484 841 537 σωτηρίου
864 485 1082 536 (σωτηρίαν
1100 489 1198 535 prius
1219 488 1253 523 in
1277 488 1333 535 G.)
1356 488 1400 523 Μ.
1424 489 1463 524 G.
1486 488 1525 524 E.
1549 488 1637 524 Roh.

166 538 377 589 πισμάτιυν
405 539 583 589 σωτηρία
603 542 709 577 Turn.
764 538 993 589 πεισμάτων
1013 543 1202 579 Victorius.
1260 544 1420 591 Scaliger
1446 540 1639 593 σωτήρια,

167 598 261 644 quod
291 598 423 643 recepi.
479 596 535 632 Sic
571 597 756 643 Euripides
786 598 911 632 Troad.
937 599 1028 634 810.
1052 594 1206 634 ναύδετ)
1231 594 1419 647 ἀνήψατο
1441 601 1639 649 πρυμνᾶν.

166 654 292 689 Nescio
324 658 441 687 tamen
470 664 513 687 an
536 652 719 699 scripserit
739 658 846 699 poeta
867 649 1085 700 πείσματος
1105 650 1327 704 σωτηρίου,
1356 660 1439 701 post
1460 657 1554 691 hunc
1576 667 1641 691 au-

168 715 237 744 ten]
259 720 381 743 versus
403 707 582 742 exciderit.

281 764 373 800 736.
415 757 531 798 οὐδὲν
550 763 594 798 M.
618 764 656 798 G.
698 757 789 798 οὐδ’
814 760 854 799 ἐν
874 763 962 799 Rob.
1006 764 1156 800 Restitui
1178 760 1262 810 καί,
1286 765 1381 811 quod
1403 771 1564 812 apertum
1587 772 1642 801 est

166 825 247 855 ante
269 814 386 854 οὐδέν
406 819 575 853 omissum
597 819 718 854 fuisse.

281 875 373 912 738.
415 869 499 909 ἀλλ’
523 868 624 910 ὥστε
655 871 718 909 καὶ
749 874 793 910 M.
817 875 856 910 G.
913 869 998 909 ἀλλ’
1023 869 1078 918 ὥς
1105 872 1169 910 καὶ
1200 875 1289 911 Rob.
1345 869 1477 919 ἄλλως
1505 887 1546 911 τε
1576 872 1641 911 καὶ

166 931 355 966 Victorius.

282 987 373 1023 739.
415 985 508 1020 Libri
529 984 647 1035 φιλεῖ.
683 986 806 1021 Mirum
829 992 884 1021 est
904 997 975 1021 non
996 991 1067 1021 tam
1086 987 1181 1033 quod
1197 981 1239 1021 ὃ)
1257 986 1290 1021 iu
1308 986 1376 1021 fine
1392 998 1514 1022 versus
1532 987 1643 1021 omis-

167 1053 245 1077 sum
267 1046 321 1076 est
342 1041 376 1076 in
398 1041 515 1082 libris,
547 1053 651 1087 quan]
683 1042 777 1088 quod
798 1042 833 1077 in
855 1046 1027 1088 sequente
1048 1053 1155 1077 versu
1174 1042 1308 1077 hahent
1328 1038 1468 1086 τίκτει,
1500 1047 1538 1077 ut
1559 1042 1642 1077 Plu-

169 1098 312 1133 tarchus
336 1097 376 1140 Q.
401 1108 513 1143 symp.
536 1097 562 1131 1.
587 1099 623 1134 3.
652 1109 688 1143 p.
713 1099 805 1134 619.
830 1098 868 1132 Ε.
891 1097 951 1132 ubi
972 1097 1102 1144 legitur
1123 1092 1169 1133 οὗ
1190 1094 1266 1147 γὰρ
1288 1093 1412 1144 μόνον
1433 1093 1560 1133 ὠδῖνα
1580 1094 1642 1133 τί-

168 1164 247 1188 κτει
276 1151 482 1201 κυβευτῇ]
516 1153 653 1203 σοᾳῷ,
685 1149 788 1188 κατὰ
809 1149 854 1189 τὸ
880 1148 1123 1201 [λεγόμενον,
1155 1154 1234 1195 πᾶς
1253 1149 1413 1200 βόλος],
1449 1159 1485 1189 et
1507 1154 1549 1188 de
1571 1165 1643 1188 non

168 1209 322 1244 suaviter
348 1208 494 1243 vivendo
525 1208 721 1243 seeundum
751 1209 942 1255 Epicurum
964 1221 999 1255 p.
1028 1210 1144 1245 1090.
1167 1211 1207 1243 Α.
1232 1204 1316 1243 ἀλλ’
1342 1202 1469 1258 ὥςπερ
1500 1206 1540 1244 ἔν
1560 1207 1643 1243 θα-

168 1260 298 1313 λάσσῃ
320 1258 404 1298 κατ’
423 1259 633 1310 Αἷσχύλον
653 1258 778 1298 ὠδῖνα
799 1260 918 1299 τίκτει
941 1260 1010 1306 νὺξ
1031 1260 1254 1313 κυβερνήτῃ
1268 1275 1314 1299 σο
1352 1264 1384 1314 ᾧ
1398 1261 1462 1299 καὶ
1480 1260 1644 1312 γαλήνη.

170 1320 266 1363 Quae
288 1319 409 1354 ultima
432 1330 539 1365 quum
562 1320 637 1354 sine
661 1319 766 1355 dubio
789 1320 973 1366 scripserit
993 1319 1204 1354 Plutarchus
1226 1314 1301 1354 κᾶν
1320 1333 1343 1369 ῃ
1368 1315 1538 1368 γαλήνη,
1569 1320 1645 1355 fieri

169 1375 310 1422 quidem
331 1375 447 1421 potuit
468 1380 506 1409 ut
529 1386 569 1409 ea
590 1375 768 1410 Plutarchi
792 1375 897 1410 verba
914 1376 994 1415 sint,
1014 1375 1076 1409 sed
1094 1376 1260 1421 quoniam
1276 1375 1644 1411 aeconnnodatissima

169 1436 250 1465 sunt
279 1430 323 1465 ad
352 1441 392 1464 ea
422 1441 511 1476 quae
534 1430 672 1465 Danaus
695 1431 797 1471 dicit,
829 1436 926 1465 recte
948 1430 1086 1465 videtur
1106 1431 1243 1465 Paleius
1265 1442 1330 1477 pro
1352 1431 1558 1477 Aesehyleis
1579 1431 1646 1465 ha-

168 1486 300 1521 buisse.
342 1486 465 1532 Itaque
487 1497 556 1520 una
579 1497 657 1521 cum
680 1486 949 1533 supplemento,
975 1486 1069 1532 quod
1091 1486 1147 1521 ille
1169 1487 1369 1533 proposuit.
1393 1487 1525 1533 recepi.
1570 1486 1645 1529 Qua

168 1542 246 1588 lege
268 1541 397 1576 vocalis
420 1542 454 1576 in
475 1542 543 1576 fine
565 1553 687 1577 versus
710 1542 789 1577 elidi
811 1542 936 1588 possit,
960 1547 999 1576 ut
1019 1542 1076 1577 hie
1099 1542 1133 1576 in
1155 1539 1209 1586 δέ,
1233 1543 1329 1589 quod
1351 1542 1559 1577 vocabulum
1581 1542 1646 1577 ad-

169 1598 258 1638 didi,
287 1597 478 1632 indicatum
509 1602 563 1632 est
584 1598 618 1632 in
639 1597 801 1644 Epitome
825 1598 939 1632 doctr.
961 1603 1065 1632 metr.
1089 1599 1123 1644 ξ.
1153 1600 1241 1634 147.
1285 1598 1361 1633 Non
1383 1603 1481 1633 recte
1504 1598 1549 1632 ibi
1571 1598 1646 1644 pri-

168 1664 263 1688 mum
284 1653 319 1687 id
340 1652 467 1688 secisse
486 1652 701 1699 Sophoclem
725 1654 803 1688 dixi.
845 1654 942 1689 Fecit
962 1654 1158 1700 Aeschylus
1181 1660 1216 1689 et
1236 1654 1293 1689 hic
1316 1659 1352 1689 et
1372 1654 1406 1689 in
1428 1654 1529 1689 Eum.
1556 1654 1643 1690 140.

168 1708 229 1744 ubi
251 1708 476 1744 scribendum
499 1714 551 1744 est
574 1704 672 1760 τῷδ’
700 1704 808 1744 ἕπου.

284 1766 375 1800 740.
416 1764 511 1799 Libri
533 1760 666 1800 τίκτει.
708 1764 914 1800 Emendavit
934 1763 1132 1799 Turnebus.

285 1821 375 1855 741.
417 1820 493 1854 Non
515 1820 648 1855 habent
668 1820 747 1855 libri
768 1821 861 1855 hunc
882 1831 1035 1854 versum.

285 1877 375 1911 744.
418 1876 621 1924 ([ρονεῖΜ.
664 1877 826 1925 ([ρονεΐν
847 1876 885 1910 G.
928 1870 1065 1924 φρόνει
1088 1874 1176 1910 Rob.

282 1926 338 1977 μὴ
362 1925 531 1977 ἀμελεῖν.
574 1931 623 1965 Ita
644 1931 735 1966 libri.

286 1987 376 2022 745.
417 1981 579 2033 πράξασ
599 1987 642 2021 M.
667 1987 705 2022 G.
748 1986 941 2021 Emendate
961 1986 1048 2021 Rob.

283 2036 322 2075 δ’)
348 2052 416 2076 oin.
441 2042 479 2075 G.

291 2098 382 2133 746.
424 2091 664 2145 εὐγλώσσιυσ
684 2097 728 2131 M.
771 2092 1006 2145 εὐγλώσσιυς
1027 2097 1064 2131 Ρ.
1106 2090 1336 2144 εὐγλώσσας
1357 2095 1396 2130 G.
1433 2089 1647 2147 εὐγλώσσῳ

170 2152 260 2188 Rob.

287 2210 378 2244 747.
420 2207 549 2242 Eximia
571 2212 646 2242 arte
669 2208 906 2253 compositum
929 2212 983 2242 est
1004 2208 1072 2242 hoc
1091 2218 1245 2247 carmen,
1265 2207 1364 2241 euius
1382 2207 1555 2242 rationem
1572 2218 1649 2242 lno-

172 2264 297 2299 tricam
320 2264 347 2298 si
369 2263 633 2309 perspexissent
656 2263 779 2303 critici,
802 2275 873 2297 non
895 2263 1074 2297 mediocre
1097 2263 1140 2297 ad
1163 2262 1446 2297 emendationem
1464 2262 1645 2297 adiumen—

173 2325 247 2353 tum
268 2319 488 2353 habuissent.
530 2319 626 2353 Inter
648 2318 734 2353 duas
756 2318 822 2353 sibi
844 2318 1104 2364 respondentes
1122 2318 1288 2363 strophas
1306 2318 1494 2363 praeconis
1510 2330 1541 2351 v,
1555 2318 1647 2354 805.

176 2375 268 2410 809.
300 2385 389 2420 quae
419 2384 567 2408 numero
600 2374 742 2419 quintae
764 2374 873 2408 totius
896 2373 1059 2408 carminis
1082 2374 1249 2419 strophae
1273 2378 1373 2413 sunt,
1404 2373 1571 2407 mesodus
1594 2378 1650 2408 est

175 2430 284 2464 totius
307 2429 407 2464 chori
435 2440 465 2462 v.
492 2429 723 2465 806—808.
781 2428 971 2474 Stropham
1007 2428 1194 2474 praeconis
1230 2427 1451 2474 praecedunt
1481 2433 1650 2474 quattuor

175 2485 401 2531 stropharum
422 2484 530 2530 paria,
554 2484 697 2518 alternis
720 2483 762 2518 ab
785 2484 1011 2519 hemichoriis
1034 2489 1194 2525 cantata;
1219 2483 1475 2529 antistropham
1498 2495 1651 2530 praeco-

176 2540 229 2575 nis
259 2540 391 2586 pariter
424 2544 592 2585 quattuor
612 2544 810 2585 sequuntur
829 2539 927 2586 paria
949 2540 1176 2586 stropharum
1190 2567 1197 2579 ,
1229 2539 1292 2573 sed
1313 2539 1347 2573 in
1369 2539 1443 2580 his,
1483 2540 1649 2586 quoniam

176 2596 310 2631 interea
339 2606 468 2641 praeeo
501 2595 670 2635 accessit,
701 2595 805 2629 huius
828 2606 968 2641 quoque
991 2595 1082 2630 dicta
1105 2594 1329 2630 alternationi
1349 2595 1649 2631 heinichoriorum

176 2651 375 2687 intermixta
397 2656 489 2691 suut,
514 2651 558 2685 ita
582 2655 620 2685 ut
642 2650 757 2685 onmia
779 2650 1043 2686 accuratissime
1066 2651 1158 2685 inter
1178 2662 1216 2685 se
1238 2650 1489 2698 respondeant.

292 2708 382 2743 747.
425 2706 517 2741 Libri
539 2701 586 2741 ἶιὺ
607 2706 658 2754 γᾶ
677 2704 844 2751 [fovum.
886 2707 1089 2742 Emendavit
1110 2706 1285 2742 Pauwius.
