1878 3115
215 191 296 230 256
775 193 1116 227 ADNOTATmNEs

215 295 336 349 ρόμαι
352 301 446 347 Lips.
478 293 751 347 ἕπαναιρόιιιην
771 303 806 333 et
827 303 996 332 accentus
1019 297 1153 333 codicis
1168 297 1264 343 Lips.
1280 297 1323 331 ad
1337 308 1454 332 veram
1476 298 1689 345 scripturam

214 357 359 397 ducunt,
383 349 645 402 ἐπανερόλιιαν.
688 354 736 388 ita
758 353 985 388 scribendum
1008 364 1088 387 esse
1111 353 1215 387 etiam
1236 352 1460 388 XVellauerus
1482 354 1575 388 vidit.

326 413 418 447 947.
449 404 496 444 ἰώ
517 404 564 444 ἰώ
587 410 771 450 (accentus
794 414 919 443 acutus
940 408 1132 454 utrobique
1158 419 1199 442 ex
1227 408 1452 443 circumflexo
1474 408 1603 449 sactus)
1619 410 1698 455 μοῖ

212 468 295 513 μοΐ,
318 467 380 506 sic,
404 477 475 500 non
491 470 544 500 ter
565 458 623 508 ἰώ,
647 465 690 499 Μ.
720 464 848 505 Ceteri,
872 469 1042 510 quantum
1069 469 1221 504 constat,
1246 457 1293 498 ἵει)
1315 457 1362 498 ἰώ
1381 475 1449 509 μοι
1469 475 1550 510 μοι.
1580 464 1689 499 Recte

214 533 295 556 vero
319 522 384 556 Vit.
406 522 500 567 Lips.
524 521 608 555 Ven.
626 521 662 555 B.
686 514 732 555 ι’(ὺ
754 514 801 554 ἰώ
821 532 903 566 μοι.
1027 513 1220 568 ὠγυγίους
1241 519 1284 553 Μ.
1308 520 1347 553 G.
1370 519 1454 554 Ven.
1469 519 1506 553 B.
1530 520 1590 554 Ox.
1612 519 1689 554 Par.

214 579 253 612 A.
270 577 308 611 B.
332 579 384 617 (ut
405 576 600 611 Brnnckius
623 576 666 610 ad
682 577 787 612 v.37.
810 575 1002 619 adnotavit)
1026 576 1062 610 C.
1080 575 1121 610 H.
1141 575 1180 610 K.
1198 575 1236 610 L.
1259 579 1294 609 et
1315 586 1356 609 ex
1378 575 1602 610 correctione
1624 574 1690 609 Vit.

214 626 386 681 ct’iyvyt'ag
406 637 486 667 ante
509 632 768 667 correctionem
791 631 856 666 vit.
880 637 915 665 et
935 631 1011 666 Ald.
1034 631 1121 666 Rob.
1143 631 1249 665 Turn.

326 689 417 724 948.
449 681 609 734 αἶθήνας
638 687 676 721 G.
727 681 942 728 ἀθανάτας
972 687 1056 721 Vcn.
1082 688 1121 721 A.
1247 679 1392 728 πάντες
1420 696 1439 720 a
1469 696 1541 720 sec.
1569 696 1688 725 manu,

214 737 369 785 πάντας
390 754 407 778 a
429 754 483 789 pr.
505 743 548 777 M.
665 739 716 777 ἐνὶ
739 742 807 776 Υἰῑ.

328 800 420 835 949.
446 793 463 832 ἲ
485 792 502 833 ’ἑ
524 798 618 844 Lips.
657 792 676 832 ’ἐ
698 798 810 833 sexies
833 797 997 832 Cantabr.
1020 799 1050 832 1.
1088 792 1109 831 ἵ
1126 792 1147 832 {¹
1164 791 1185 831 ἕ
1200 796 1244 831 Μ.
1281 795 1397 831 Ceteri
1417 789 1437 830 ’ἐ
1455 789 1475 830 ἒ
1494 789 1525 840 ἓ,
1547 800 1691 842 praeter

214 854 300 889 Ven.
316 854 354 889 B.
377 855 411 888 in
434 865 503 900 quo
525 859 623 888 recte
646 859 771 899 quater
792 848 814 887 ἔ
830 853 1001 899 scriptun]
1023 858 1089 893 est,
1113 852 1176 886 sed
1197 857 1281 898 post
1301 845 1506 897 sicigcoueg.

326 911 418 945 950.
451 904 666 957 ἀπαίρουσι
691 909 728 943 G.
751 909 844 954 Lips.
867 908 943 943 Par.
963 908 999 942 C.
1017 908 1054 942 F.
1076 907 1152 942 Ald.
1169 907 1274 941 Turn.
1297 900 1515 954 ἆσπέρουσι
1540 905 1638 941 Colli.
1658 908 1689 941 l.

326 966 418 1001 951.
451 964 556 999 Chori
578 975 707 998 nomen
728 975 799 997 non
821 963 1037 1009 adscriptum
1060 968 1114 998 est
1134 963 1168 997 in
1189 962 1284 1009 Lips.
1398 955 1466 996 τὸν
1487 973 1566 997 cum
1587 961 1692 996 litura

215 1025 296 1054 ante
320 1032 340 1054 ν
359 1020 403 1055 M.
444 1020 525 1055 τῶν
546 1019 611 1053 Vit.
633 1019 728 1065 Lips.
751 1019 827 1053 Par.
846 1018 882 1053 C.
905 1018 1010 1053 Turn.
1126 1012 1249 1053 αὐτὸν
1267 1017 1345 1052 Α1(].

328 1076 419 1111 952.
451 1071 521 1110 τὸν
541 1068 613 1109 σὸν
634 1074 677 1108 Μ.
700 1074 765 1109 Vit.
788 1074 876 1109 Rob.
924 1074 1005 1109 τῶν
1025 1074 1128 1117 σῶν,
1160 1073 1222 1108 sed
1249 1078 1421 1108 mutatum
1451 1073 1485 1107 in
1516 1067 1585 1108 τὸν
1606 1066 1690 1115 σὸν,

214 1130 308 1176 Lips.
339 1124 410 1165 σὺν
430 1124 499 1165 τὸν
518 1130 623 1164 Turn.
657 1125 740 1173 σὸν,
764 1129 895 1164 omisso
918 1123 998 1172 τὸν,
1022 1130 1059 1164 G.
1084 1129 1168 1163 Vcn.
1187 1131 1226 1164 Α.
1250 1128 1414 1163 Cantabr.
1438 1130 1468 1163 1.
1492 1127 1590 1163 Colb.
1609 1128 1690 1163 1.2.

213 1185 290 1220 ΑΜ.
377 1179 409 1220 τ’
432 1197 496 1232 pro
519 1179 632 1219 mivr'
656 1185 694 1220 G.
736 1185 773 1219 In
791 1185 884 1231 Lips.
907 1184 951 1219 ad
971 1178 1084 1219 πάντ’
1107 1185 1324 1230 adscriptum
1345 1195 1405 1231 γρ.
1428 1176 1536 1219 ὄντα.
1577 1182 1692 1218 Habet

215 1233 312 1275 ὄντα
340 1240 427 1275 Rob.
460 1246 495 1275 ct
524 1240 667 1275 Butlero
704 1245 794 1275 teste
829 1240 927 1275 Coll).
960 1240 995 1276 2.
1031 1251 1136 1286 quein
1169 1233 1283 1275 πάντ’
1315 1240 1478 1274 omittere
1513 1238 1692 1274 Blomsiel-

216 1295 292 1330 dius
315 1296 411 1331 dicit.

176 1341 180 1347 ¹
328 1353 419 1387 954.
449 1343 690 1397 [Βατανώχου
722 1351 764 1385 Μ.
795 1351 861 1386 vit.
892 1351 986 1397 Lips.
1044 1343 1274 1397 βατανόχου
1306 1350 1344 1384 G.
1374 1349 1438 1393 (sic
1462 1350 1517 1393 G.)
1549 1349 1633 1384 Ven.
1651 1351 1690 1385 A.

214 1405 291 1441 Par.
309 1408 346 1441 C.
370 1406 444 1441 Ald.
468 1406 554 1440 Rob.
577 1406 681 1441 Turn.
721 1400 977 1452 βατανούχου
999 1406 1082 1441 Ask.
1100 1408 1138 1441 A.
1254 1398 1423 1440 ἄπιστον
1442 1405 1524 1440 Ask.
1540 1407 1579 1440 A.

214 1461 299 1496 Post
319 1462 413 1496 hunc
437 1472 574 1495 versum
595 1461 742 1496 lacunae
765 1462 863 1508 signa
886 1462 1001 1508 posui,
1025 1473 1132 1508 quum
1150 1467 1411 1496 monometrum
1427 1461 1691 1507 anapaesticum

217 1517 388 1552 excidisse
410 1517 630 1562 antistropha
654 1517 792 1552 doceat.

327 1573 418 1609 956.
449 1573 520 1607 τοῦ
541 1566 708 1618 §morigia
729 1573 801 1607 τοῦ
829 1571 872 1606 Μ.
902 1571 967 1615 (sic
991 1571 1050 1617 M.)
1083 1572 1147 1606 Vit.
1177 1572 1272 1618 Lips.
1294 1572 1379 1606 Ven.
1399 1572 1434 1605 B.
1466 1571 1628 1606 Cantabr.
1660 1573 1689 1607 1.

214 1628 292 1662 Par.
308 1629 347 1662 A.
396 1627 468 1663 τοῦ
495 1621 734 1674 σησαμάτου
763 1627 840 1662 ΑΜ.
862 1627 950 1662 Rob.
999 1628 1070 1662 τοῦ
1099 1624 1251 1674 σησίμα
1280 1628 1349 1662 τοῦ
1379 1627 1416 1662 G.
1439 1627 1515 1662 Par.
1532 1627 1570 1662 L.
1618 1626 1691 1662 τοῦ

215 1677 399 1730 σημάῑου
422 1683 482 1717 Ox.
541 1684 611 1718 τοῦ
633 1676 819 1729 σεισάμα,
843 1683 954 1717 altero
978 1683 1048 1717 τοῦ
1071 1683 1223 1723 omisso,
1256 1682 1354 1717 Colb.
1377 1684 1408 1718 1.
1441 1682 1523 1717 Ask.
1541 1683 1581 1717 A.

213 1732 426 1786 ,Μεγαβάτα
448 1738 490 1772 Μ.
522 1738 587 1780 (sic
610 1738 669 1783 M.)
700 1739 737 1772 G.
761 1738 826 1772 vit.
848 1738 943 1784 Lips.
965 1738 1049 1773 Ven.
1068 1738 1103 1773 B.
1128 1738 1292 1773 Cantabr.
1318 1740 1346 1772 1.
1370 1737 1468 1772 Colb.
1494 1740 1523 1773 1.
1545 1738 1628 1772 Ask.
1649 1739 1689 1772 A.

214 1794 291 1829 Par.
309 1794 346 1828 L.
369 1794 444 1828 Ald.
480 1787 716 1841 μεγαβάταν
736 1793 823 1828 Rob.
862 1787 1082 1841 μυγαβάῑα
1104 1793 1202 1828 Colb.
1223 1795 1257 1829 2.
1281 1794 1341 1828 Ox.
1363 1793 1469 1828 Turn.

327 1851 419 1885 957.
450 1842 615 1897 πάρθον
638 1860 674 1884 τε
697 1849 740 1884 M.
764 1849 829 1893 (sic
851 1849 910 1893 M.)
944 1849 1008 1883 Vit.
1033 1849 1196 1883 Cantabr.
1220 1851 1251 1884 1.
1282 1848 1379 1884 Colli.
1402 1850 1436 1884 2.
1458 1849 1536 1883 Par.
1551 1849 1590 1883 A.
1612 1847 1689 1883 Ald.

214 1904 302 1939 Rob.
331 1899 491 1949 πόρθον
512 1915 550 1939 τε
573 1904 705 1939 Ask..x.
735 1899 926 1953 σηάρθον
948 1916 985 1939 τε
1008 1905 1084 1940 Par.
1100 1905 1141 1940 K.
1172 1898 1383 1951 σπάρθεόν
1404 1915 1443 1939 τε
1460 1904 1554 1950 Lips.
1584 1897 1690 1952 πάρ-

214 1953 313 1993 θεόν
334 1970 372 1994 τε
396 1962 434 1993 G.
457 1960 533 1993 Par.
551 1960 587 1993 L.
610 1960 715 1993 Turn.
822 1954 853 1994 τ’
877 1954 1050 2006 οἷβάρην
1069 1960 1151 1994 Ask.
1168 1961 1206 1994 A.
1230 1960 1328 1994 (3011).
1348 1961 1383 1995 2.
1406 1959 1494 1994 Rob.
1516 1953 1548 1994 τ’
1571 1952 1690 2004 οἷβά-

216 2026 277 2063 ριν
298 2013 462 2048 Cantabr.
485 2016 517 2049 1.
559 2008 589 2049 τ’
614 2008 821 2062 οῗβαῖριιόν
841 2014 917 2048 Par.
936 2015 975 2048 K.
991 2015 1028 2048 L.
1070 2008 1266 2062 τοιβάρην
1288 2009 1317 2049 τ’
1342 2015 1385 2049 Μ.
1409 2015 1474 2049 Vit.
1514 2008 1546 2049 τ’
1571 2007 1690 2059 οῗβά-

216 2081 290 2117 ρην
311 2063 340 2104 τ’
364 2069 440 2103 Par.
458 2069 494 2103 C.
535 2063 567 2103 τ’
591 2064 751 2117 οἷβαριν
773 2063 802 2104 τ’
827 2070 865 2103 G.
906 2064 936 2104 τ’
960 2063 1166 2117 οἶβάρινον
1187 2064 1231 2113 2²,
1255 2081 1360 2115 supra
1383 2070 1516 2115 scripto
1539 2063 1570 2104 τ)
1593 2069 1688 2115 Lips.

215 2119 247 2160 τ’
271 2118 488 2173 οἶιιόβάρην
507 2118 539 2159 τ)
563 2124 623 2159 Ox.
646 2124 730 2158 Ven.
748 2125 786 2160 A.
809 2124 884 2159 Ald.
907 2124 1012 2158 Turn.

327 2181 418 2216 958.
442 2181 534 2215 959.
573 2179 684 2213 Verba
717 2175 845 2221 ἔλιπες
874 2175 1001 2221 ἔλιπες
1031 2173 1061 2214 ὣ
1097 2173 1129 2213 ὦ
1163 2175 1288 2213 ὁαίίυν
1321 2178 1422 2213 Xerxi
1450 2178 1572 2213 tribuit
1600 2178 1688 2213 Rob.

214 2235 396 2269 Postrema
418 2240 553 2269 tantum
582 2230 612 2269 ὤ
643 2230 674 2269 ὦ
704 2232 832 2270 δαΐων
858 2235 892 2269 in
915 2236 953 2270 G.
984 2235 1077 2281 Lips.
1104 2235 1187 2269 Ven.
1206 2235 1241 2268 B.
1273 2234 1393 2269 Xerxis
1423 2239 1517 2268 sunt.
1567 2234 1689 2268 Omnia

215 2291 325 2325 choro
349 2290 600 2326 continuantur
621 2291 654 2324 in
676 2291 719 2324 M.
742 2291 808 2325 Vit.
829 2291 906 2325 ΑΜ.
929 2291 1034 2325 Turn.
1157 2285 1286 2331 ἔλιπες
1306 2290 1416 2324 semel
1438 2295 1572 2324 tantum
1594 2289 1689 2335 Lips.

326 2341 357 2380 ὦ
378 2357 449 2380 non
472 2346 584 2381 sexies
605 2346 735 2392 legitur
754 2346 787 2380 in
810 2347 873 2387 Μ.,
899 2346 962 2380 scd
982 2346 1036 2380 bis
1059 2345 1143 2386 (sic,
1168 2340 1199 2380 ὦ
1222 2340 1290 2387 ὦ),
1324 2350 1362 2379 ut
1389 2345 1423 2379 in
1445 2346 1484 2379 G.
1507 2345 1571 2379 vit.
1593 2344 1688 2391 Lips.

215 2401 275 2436 Ox.
297 2402 374 2436 Par.
391 2403 430 2436 A.
449 2402 485 2435 C.
509 2401 606 2436 11011).
630 2403 661 2437 1.
681 2402 715 2437 2.
738 2402 820 2436 Ask.
838 2404 877 2437 A.
897 2401 973 2436 Ald.
996 2401 1083 2436 Rob.
1101 2401 1206 2436 Turn.
1243 2396 1274 2435 d)
1296 2400 1406 2435 semel
1427 2400 1534 2435 habet
1550 2400 1634 2434 Ven.
1653 2400 1688 2434 B.

216 2463 249 2490 et
271 2468 350 2491 cuni
372 2457 464 2497 aliis,
496 2463 535 2492 ut
556 2457 710 2498 videtur,
747 2457 929 2492 codicibus
952 2457 1007 2492 ed.
1030 2457 1118 2492 Vict.
1234 2453 1360 2491 δαΐων
1380 2456 1476 2496 libri,
1506 2455 1572 2490 nisi
1594 2455 1689 2501 quod

215 2511 280 2545 vit.
302 2513 391 2546 lianc
414 2523 535 2547 vocem
558 2513 698 2547 omittit.
793 2509 942 2560 πέρσας
965 2513 1042 2547 Ald.
1137 2506 1320 2559 ἀγαυοῖσι
1342 2512 1427 2546 Ven.
1445 2511 1481 2545 B.
1517 2506 1691 2558 ἀγαθοῖς

216 2567 312 2600 Colli.
338 2569 368 2601 1.
414 2562 575 2614 ἀγανοῖς
595 2568 677 2602 Ask.
699 2569 739 2603 A.
854 2562 957 2602 κακὰ
986 2561 1170 2615 πρόκακα
1199 2563 1321 2614 λέγεις
1350 2567 1388 2602 G.
1411 2567 1504 2613 Lips.
1526 2567 1630 2600 Turn.
1653 2570 1688 2599 et

214 2621 430 2667 adscriptum
453 2623 487 2656 in
509 2623 585 2657 Par.
602 2624 641 2658 A.
683 2617 787 2657 κακὰ
807 2617 991 2673 προκακά
1013 2619 1152 2670 λέγεις,
1184 2622 1247 2657 sed
1269 2628 1306 2657 ut
1327 2628 1407 2657 ante
1430 2621 1688 2657 correctionem

214 2679 419 2723 προκακοῦ
442 2678 548 2711 fuisse
571 2678 748 2719 videatur,
773 2679 816 2713 M.
866 2674 969 2713 κακὰ
999 2672 1099 2727 πρὸς
1126 2672 1229 2712 κακὰ
1257 2674 1377 2725 λὲγέις
1405 2677 1470 2711 Vit.
1494 2677 1603 2711 Mose.
1625 2676 1687 2710 Ox.
