1878 3115
215 206 291 244 158
794 209 849 240 DE
876 207 1122 240 ERRORIBVS

212 315 434 351 considerata
456 313 682 348 statuendum
704 311 863 346 videatur
883 321 1074 357 exponam,
1108 310 1231 356 paucis
1252 310 1407 346 refutare
1426 311 1507 347 volo
1528 311 1691 348 Volckeri

212 370 416 406 incredibile
439 377 691 404 commentum.
733 367 765 401 Is
786 378 821 413 p.
847 367 939 402 227.
962 366 1058 400 illum
1079 376 1232 407 versum,
1257 368 1348 402 791.

412 418 509 459 ὅταν
528 419 706 472 περάσῃς
727 416 893 471 ῥεῖθρον
911 416 1086 470 ἠπείρων
1107 413 1213 469 ὅρον,

211 483 253 517 (16
275 481 435 526 Bosporo
452 480 601 514 Thracio
623 478 890 524 intelligendum
913 482 1026 524 putat,
1051 476 1147 523 quod
1168 487 1276 523 quum
1299 487 1339 511 ex
1360 477 1454 512 omni
1476 477 1518 512 de
1541 488 1610 523 qua
1630 489 1692 512 su-

210 548 271 584 pra
295 536 426 570 dietum
449 540 504 570 est
524 535 661 569 ratione
682 534 816 568 itineris
838 533 1011 568 absonum
1034 543 1113 567 esse
1134 537 1254 579 patet,
1287 537 1360 567 tum
1383 543 1425 567 eo
1447 532 1601 579 ineptius
1622 538 1689 574 est,

211 592 306 639 quod
327 602 430 626 nemo
454 590 652 636 quisquam,
677 590 735 635 qui
756 590 845 623 haec
867 589 985 623 audiat
1005 588 1141 634 legatve
1155 615 1162 628 ‚
1187 588 1229 622 de
1250 588 1319 623 hoc
1341 588 1502 634 Bosporo
1516 615 1524 629 ,
1547 588 1614 623 nisi
1633 588 1691 624 ille

211 652 333 694 aperte
362 646 583 686 nominetur,
618 645 775 691 cogitare
805 649 937 690 potest.
978 644 1062 678 lnde
1083 648 1272 690 postquam
1294 644 1534 690 peragraverit
1554 644 1591 678 Io
1612 643 1692 679 loca

210 703 373 749 Europae
405 712 493 747 quae
525 706 606 735 sunt
627 701 669 735 ad
692 700 983 747 septemtrionem
1005 704 1111 745 atque
1134 699 1375 740 occidentem,
1398 699 1445 734 ita
1466 699 1538 734 vult
1559 710 1636 734 eam
1657 699 1691 734 in

210 758 354 805 Libyam
374 757 504 797 venire,
527 762 567 791 ut
587 757 733 791 lacunae
757 756 864 802 signis
885 760 969 802 post
988 755 1085 789 illum
1103 766 1208 801 quem
1225 755 1325 789 attuli
1341 765 1481 789 versum
1497 755 1623 801 positis
1641 754 1690 790 sic

210 814 375 860 legantur
396 824 436 848 ea
459 823 548 858 (11136
570 812 704 858 reliqua
727 816 820 851 sunt,

413 864 514 916 πρὸς
535 862 706 909 ἀντολὰς
726 865 946 915 φλογῶπας
964 860 1206 913 ἡλιοστιβεῖς

412 919 560 959 πόντου
582 923 746 968 περῶσα
767 920 976 971 φλοῖσβον,
999 916 1069 963 Z‘gr'
1095 916 1143 955 ἂν
1164 917 1270 970 ἐξίκῃ

411 974 511 1028 πρὸς
532 974 748 1027 Γοργόνεια
768 973 885 1012 πεδία
906 972 1108 1025 Κυρήνης.

212 1036 335 1081 ltaque
356 1035 453 1069 illum
474 1029 620 1068 πόντου
643 1031 841 1082 φλοῖσβον
861 1032 989 1067 fretum
1012 1043 1090 1066 esse
1113 1036 1254 1071 censet,
1288 1042 1358 1077 quo
1381 1031 1424 1066 ad
1444 1031 1606 1067 Herculis
1628 1043 1693 1067 eo-

212 1092 348 1126 lumnas
370 1090 511 1136 Europa
533 1088 575 1123 ab
597 1088 712 1123 Africa
735 1088 979 1133 distinguitur,
1002 1088 1050 1122 ita
1070 1093 1109 1122 ut
1130 1098 1194 1133 per
1214 1086 1299 1121 illud
1320 1097 1416 1121 mare
1437 1087 1472 1121 in
1493 1087 1635 1134 Libyam
1658 1093 1693 1122 et

213 1146 255 1181 ad
278 1146 457 1192 Cyrenen,
481 1144 540 1179 ubi
562 1144 766 1190 Gorgonum
789 1144 910 1178 sedem
932 1154 1011 1177 esse
1034 1147 1146 1189 putat,
1170 1143 1206 1176 Io
1230 1142 1422 1177 devenerit.
1463 1144 1507 1177 At
1528 1143 1641 1189 primo
1664 1143 1692 1177 si

212 1203 339 1237 horum
369 1201 473 1235 trium
502 1210 666 1234 versuum
698 1199 756 1245 qui
785 1199 919 1245 primus
951 1203 1005 1233 est
1035 1209 1114 1233 cum
1143 1209 1185 1232 eo
1208 1197 1265 1243 qui
1288 1198 1449 1243 sequitur
1469 1198 1691 1238 cohaereret,

212 1269 283 1292 non
304 1257 433 1291 fretum
454 1255 550 1295 illud,
575 1255 637 1289 sed
658 1254 811 1289 medium
832 1265 929 1289 mare
949 1253 1247 1288 mediterraneum
1270 1252 1313 1287 ad
1335 1254 1495 1299 Cyrenen
1517 1258 1694 1289 tranatare

214 1313 392 1347 (liceretur
422 1312 476 1346 Io:
514 1311 609 1357 quod
641 1311 693 1345 vix
722 1310 788 1344 erit
819 1310 878 1356 qui
907 1309 1034 1344 dixisse
1063 1309 1276 1355 Aeschylum
1306 1308 1513 1344 adducatur.
1561 1309 1693 1344 Deinde

213 1380 295 1403 vero
318 1379 388 1402 non
409 1366 514 1402 modo
538 1372 671 1401 temere
694 1366 835 1400 damnat
856 1377 890 1411 p.
908 1366 1000 1401 229.
1023 1360 1238 1411 Κισθήνης
1253 1369 1291 1398 ut
1311 1375 1385 1399 rem
1409 1376 1541 1406 vanam,
1565 1365 1627 1400 sed
1649 1376 1693 1400 ne

214 1424 296 1458 vidit
318 1423 458 1469 quidem
480 1422 583 1468 plane
605 1421 777 1456 absonum
800 1432 878 1455 esse
901 1421 934 1455 in
956 1420 1069 1455 media
1093 1420 1429 1455 commemoratione
1451 1420 1612 1455 locorum
1627 1420 1696 1455 mi-

213 1479 373 1513 rabilium
403 1483 438 1512 et
467 1477 709 1511 fabulosorum
738 1477 910 1511 nominari
932 1476 1111 1522 Cyrenen,
1142 1475 1325 1521 regionem
1346 1476 1511 1522 Aeschyli
1532 1481 1694 1523 tempore

215 1534 377 1569 omnibus
398 1533 637 1573 notissimam,
660 1532 852 1567 habitatam
874 1543 891 1566 a
915 1531 1076 1571 Graecis,
1099 1531 1354 1577 multiplicique
1377 1531 1592 1566 commercio
1614 1542 1694 1566 eum

213 1589 360 1625 Athenis
389 1589 553 1634 omnique
577 1588 721 1623 Graecia
749 1587 1086 1622 coniunctissimam.
1126 1586 1315 1620 Praeterea
1346 1586 1438 1621 unde
1459 1587 1516 1621 illa
1538 1587 1695 1633 scriptu-

213 1656 273 1680 rae
304 1644 486 1680 ssnctuatio
500 1671 507 1684 ‚
540 1643 567 1677 si
588 1639 780 1691 Κνρήνης
799 1642 1002 1688 scripsisset
1022 1646 1148 1688 poeta,
1172 1641 1206 1675 in
1229 1652 1298 1687 quo
1320 1642 1461 1676 nomine
1484 1641 1695 1677 celebratis-

214 1701 302 1735 simo
339 1700 416 1746 quis
450 1699 588 1734 tandem
618 1698 820 1733 aberrasset
841 1696 1029 1732 librarius?
1070 1697 1216 1741 Fugisse
1238 1697 1361 1732 credat
1382 1697 1459 1743 quis
1480 1697 1693 1732 Volckerum

215 1762 353 1791 acutam
376 1755 615 1801 suspicionem
638 1753 799 1788 Meinekii
819 1753 853 1787 in
875 1753 1093 1799 praefatione
1116 1752 1296 1787 Menandri
1316 1764 1351 1799 p.
1381 1754 1440 1789 18.
1464 1752 1594 1787 Cratini
1615 1764 1696 1788 ver-

215 1823 292 1845 sum
314 1811 422 1851 illum,

415 1859 608 1899 >cavat-'VX
633 1860 692 1899 ἐπὶ
714 1859 893 1911 τέρματα
913 1864 984 1911 γῆς
1001 1856 1107 1910 ἥξεις
1127 1858 1190 1897 καὶ
1212 1857 1427 1910 Κισθήνης
1446 1856 1540 1911 ὄρος
1559 1856 1667 1910 ὄψει,

216 1922 258 1956 ad
279 1922 373 1956 hune
394 1921 509 1967 ipsum
530 1919 694 1966 Aeschyli
714 1920 831 1954 locum
853 1924 1029 1965 spectare.
1070 1920 1114 1952 At
1135 1929 1205 1953 non
1227 1918 1383 1964 fugerat:
1408 1918 1696 1953 commemoravit

217 1977 307 2011 enim
330 1988 364 2022 p.
385 1979 420 2011 7.
461 1975 619 2021 Denique
642 1975 736 2021 quod
758 1974 1000 2020 gravissimum
1022 1978 1088 2014 est,
1106 1984 1177 2007 non
1199 1974 1365 2019 cogitavit
1386 1973 1428 2008 de
1449 1974 1517 2008 illis
1539 1984 1628 2020 quae
1651 1974 1694 2009 de

216 2030 448 2066 Plioreidibus
469 2030 651 2076 praedicat
670 2029 879 2075 Aeschylus,

755 2078 803 2126 ἃς
823 2078 913 2118 οὐθ’
936 2076 1048 2130 η’λιος
1067 2078 1350 2132 προς-δέρκεται

417 2135 574 2175 ἀκτῖσιν
595 2132 684 2174 ου’τε
706 2134 892 2187 νύκτερος
910 2134 1016 2185 mim?
1037 2134 1145 2183 ποτέ,

218 2208 308 2244 (11136
328 2197 433 2243 plane
455 2195 607 2230 absurda
629 2199 767 2235 essent,
800 2195 829 2229 si
850 2195 943 2229 cirea
966 2194 1145 2240 Cyrenen,
1178 2204 1267 2240 quae
1288 2193 1341 2228 vel
1361 2194 1509 2229 maxime
1531 2194 1615 2229 solis
1636 2205 1696 2230 ra-

218 2253 282 2288 diis
313 2252 470 2298 exposita
501 2257 573 2291 est,
604 2250 805 2285 habitarent
832 2250 911 2284 illae
933 2249 1060 2284 Phorci
1081 2249 1184 2283 filiae.
1225 2248 1346 2295 Neque
1369 2249 1460 2284 enim
1483 2261 1695 2296 quemquam

218 2320 260 2343 6ο
283 2307 523 2354 perversitatis
544 2316 819 2353 progressurum
841 2305 1004 2345 arbitror,
1023 2309 1062 2340 ut
1083 2305 1149 2339 illis
1172 2304 1285 2339 verbis
1307 2304 1392 2339 1111111
1413 2304 1479 2339 11151
1500 2305 1695 2340 abominari

219 2364 331 2399 solem
362 2368 398 2398 et
425 2363 543 2398 lunam
566 2362 633 2397 dici
654 2361 862 2408 adspectum
883 2360 1096 2395 Phorcidum
1115 2365 1229 2407 putet.
1271 2359 1356 2394 Nam
1376 2360 1445 2395 hoe
1468 2371 1610 2407 quoque
1632 2360 1697 2396 ab-

220 2419 326 2454 surde
357 2418 399 2453 de
429 2418 504 2453 sole
534 2423 569 2453 et
589 2417 690 2458 luna,
715 2416 842 2463 quibus
864 2416 988 2451 oeulos
1011 2415 1176 2450 claudere
1197 2426 1269 2450 non
1290 2415 1392 2456 licet,
1414 2415 1693 2462 praedicaretur.

221 2474 336 2516 Quare
358 2473 462 2509 verba
483 2473 540 2508 illa
561 2484 632 2508 non
652 2477 805 2519 possunt
826 2471 927 2506 aliter
947 2471 1078 2518 accipi,
1110 2482 1214 2517 quam
1236 2476 1274 2505 ut
1295 2470 1398 2506 sedes
1419 2471 1631 2506 Phorcidum
1654 2482 1695 2506 ea

221 2540 300 2563 esse
322 2529 468 2569 dicatur,
493 2529 537 2563 ad
558 2539 661 2574 quam
683 2538 749 2563 nee
771 2527 856 2562 solis
876 2527 964 2561 radii
984 2537 1050 2562 nec
1072 2527 1190 2561 lumen
1210 2526 1314 2561 lunae
1335 2531 1512 2572 penetret.
1551 2526 1591 2562 ld
1610 2537 1693 2562 vero

221 2583 263 2618 ab
285 2584 437 2619 Hesiodo
460 2584 598 2630 accepit
617 2583 824 2647 Aeschy,lus
849 2582 908 2628 qui
929 2582 979 2617 516
1000 2582 1034 2616 111
1055 2581 1259 2628 Theogonia
1279 2593 1309 2616 v,
1334 2581 1428 2618 270

425 2634 584 2687 Φόρκυὶ
601 2634 642 2673 (1)
667 2650 716 2673 αυ
738 2633 864 2685 Κητώ
886 2633 1041 2686 Γραίας
1060 2633 1143 2672 τέκε
1166 2632 1475 2686 καλλιπαρῄους,

422 2689 463 2728 ἐκ
483 2694 638 2741 γενετῆς
657 2688 810 2737 πολιάς,
831 2688 904 2734 τὰς
924 2688 973 2739 (1η
995 2688 1150 2741 Γραίας
1169 2687 1378 2727 καλέουσιν
