1878 3115
222 204 299 241 160
793 209 850 241 DE
877 207 1125 241 ERRORIBVS

220 314 337 349 vitavit
358 312 493 348 Thracii
517 310 686 358 Bospori,
719 321 824 356 quem
847 311 1066 351 traiecisset,
1089 308 1332 346 mentionem?
1372 309 1475 346 Certe
1496 311 1622 346 mirum
1645 316 1699 346 est

222 370 318 416 quod
348 380 423 404 eam
445 368 546 413 Argis
575 367 617 401 ad
639 367 835 401 Lernaeum
865 366 947 400 litus
978 365 1175 412 profectam
1198 366 1300 407 dicit,
1333 367 1432 412 quasi
1453 378 1549 402 mare
1572 367 1700 402 debeat

222 430 462 464 transnatare,
487 428 522 457 et
543 427 616 456 tum
639 421 816 468 abrumpit
836 422 1074 456 narrationem
1087 449 1095 462 ‚
1119 422 1265 468 eiusque
1286 427 1413 468 postea
1433 433 1595 469 magnam
1615 434 1701 470 par—

223 486 291 515 tem
314 491 351 514 se
374 479 537 513 omittere
558 477 699 528 indicat
710 489 740 512 v.
767 478 858 514 828.

422 527 541 580 ὄχλον
559 529 633 579 μὲν
653 529 724 567 οὖν
744 528 813 568 τὸν
832 531 1018 568 πλεῖστον
1037 528 1208 579 ἐκλείψω
1230 527 1369 580 λόγων,

222 601 291 637 (1110
318 589 456 624 videtur
485 589 618 624 cavisse
649 599 692 623 ne
725 588 831 623 obiici
852 594 977 635 posset
998 588 1175 634 neglectio
1198 588 1348 634 Bospori
1369 587 1519 623 Thracii.
1560 588 1700 634 Augent

220 646 311 681 hanc
341 645 580 691 suspicionem
610 655 699 690 quae
722 644 877 690 Hyginus
899 644 1009 679 refert
1030 643 1099 678 fab.
1129 645 1216 679 145.
1241 650 1278 679 αι
1300 645 1394 680 Iuno
1413 644 1648 690 formidinem
1669 643 1702 679 ei

218 701 388 742 immisit,
420 701 520 736 caius
551 702 679 736 timore
699 701 926 746 eoeayitatam
948 700 1062 746 coeyit
1084 712 1162 736 eam
1181 706 1217 735 ul
1238 711 1275 735 se
1295 701 1335 736 in
1356 711 1455 735 mare
1470 699 1702 746 praecipita·

218 764 295 793 ret:
325 758 420 804 quod
448 768 550 791 more
572 756 715 791 lonium
747 762 795 791 est
817 757 1054 802 appellatum.
1094 757 1188 791 Inde
1208 757 1246 791 in
1266 755 1456 800 Scythiam
1477 756 1699 795 transnavit,

219 815 317 848 uncle
345 812 505 859 Bospori
537 812 663 858 fauces
694 811 759 854 (sic
788 810 1014 846 scribendum
1042 811 1198 851 videtur,
1229 821 1301 845 non
1329 812 1433 857 fines)
1461 816 1546 846 sunt
1567 811 1698 845 dictae.

221 867 371 903 Obstare
393 872 510 902 autem
532 867 671 901 illorum
693 866 860 913 opinioni,
885 866 943 913 qui
964 866 1031 901 iter
1052 867 1167 901 statim
1191 877 1231 901 ex
1247 866 1327 900 Asia
1348 866 1382 900 in
1403 865 1545 911 Libyam
1566 865 1701 911 perdu-

222 928 326 964 cunt,
357 933 432 957 rem
462 922 723 969 gravissimam,
746 922 950 968 Arimaspos
965 949 974 963 ‚
997 926 1163 968 apparet,
1188 921 1246 968 qui
1268 921 1447 967 quomodo
1469 921 1504 955 in
1525 920 1700 956 orientem

222 978 403 1014 transferri
425 983 548 1013 contra
571 978 684 1012 omnis
704 977 920 1024 antiquitatis
942 978 1045 1012 fidem
1067 977 1219 1024 possint,
1245 977 1311 1023 ipsi
1332 987 1404 1011 non
1425 976 1557 1011 habent
1581 976 1700 1011 dicere

222 1035 428 1069 defensores
450 1033 541 1068 illius
564 1033 773 1073 sententiae,
798 1033 825 1067 si
848 1044 863 1066 a
887 1033 1065 1068 Klausenii
1087 1033 1145 1067 illo
1169 1033 1211 1068 de
1234 1043 1303 1079 quo
1328 1032 1458 1067 dictum
1482 1037 1536 1066 est
1558 1043 1575 1066 e
1599 1031 1700 1067 Stra-

220 1090 313 1124 bone
331 1089 501 1124 advocato
519 1089 644 1123 auxilio
664 1089 884 1123 discesseris.
921 1089 1043 1135 Itaque
1055 1088 1266 1124 Welckerus
1282 1088 1315 1123 in
1328 1087 1479 1134 Trilogia
1495 1098 1531 1134 p.
1550 1089 1637 1123 144.
1656 1098 1698 1122 00

221 1145 390 1191 confugit,
413 1150 452 1179 ut
472 1144 588 1179 redire
610 1144 834 1190 Aeschylum,
857 1144 916 1179 uhi
932 1145 1136 1190 Arimaspos
1157 1149 1341 1183 memorat,
1365 1143 1408 1178 ad
1430 1144 1594 1178 omissam
1616 1154 1701 1189 par-

221 1206 291 1235 tem
313 1200 523 1234 narrationis
546 1204 689 1234 statuat.
731 1200 807 1234 Hoc
826 1200 966 1245 quidem
983 1199 1090 1234 modo
1108 1204 1246 1234 veteres
1264 1199 1457 1245 scriptores
1474 1198 1699 1245 interpretari

219 1268 291 1291 non
312 1256 406 1290 licet.
448 1255 604 1301 Arripuit
625 1260 743 1289 tamen
764 1255 833 1290 hoc
856 1255 1040 1290 artificium
1057 1255 1264 1295 volcherus,
1289 1266 1416 1301 eoque,
1435 1265 1542 1300 quum
1561 1254 1700 1301 Gorgo-

221 1323 283 1347 nes
306 1312 349 1346 ad
371 1311 541 1357 Cyrenam
563 1310 722 1345 habitare
745 1311 775 1345 ei
796 1310 955 1357 placeat,
987 1311 1098 1346 multo
1120 1310 1370 1345 mirabiliorem
1392 1310 1426 1344 in
1448 1310 1591 1344 modum
1612 1321 1699 1344 usus

222 1372 277 1402 est
297 1378 331 1413 p.
357 1367 449 1402 227.
475 1364 607 1408 Quid?
634 1366 694 1400 ubi
725 1367 759 1400 in
787 1366 872 1412 ipsis
893 1367 1040 1401 maxime
1063 1367 1264 1401 meridianis
1285 1366 1373 1401 locis
1396 1371 1450 1404 est
1471 1366 1528 1406 lo,
1551 1365 1701 1400 Prome-

224 1423 326 1457 theus
358 1422 388 1456 ei
419 1422 513 1456 (licat
534 1421 617 1467 quid
638 1422 672 1456 in
695 1426 851 1456 extremo
875 1422 1128 1468 septemtrione
1150 1422 1249 1456 vitari
1271 1419 1462 1468 oporteat?
1502 1421 1597 1456 Haec
1620 1420 1700 1467 qui-

223 1478 301 1512 dem
331 1482 489 1512 monstra
521 1488 558 1511 se
590 1477 665 1523 ipsa
686 1477 912 1512 interficiunt.
953 1479 1022 1512 Aut
1044 1478 1171 1512 orienti
1194 1482 1276 1512 sunt
1298 1477 1505 1512 admovendi
1525 1476 1700 1523 Arimaspi

222 1544 291 1568 una
321 1544 400 1567 cum
423 1532 664 1579 Gorgonilum,
696 1537 755 1567 aut
777 1533 960 1579 Gorgones
983 1533 1247 1568 transferendae
1270 1533 1313 1567 ad
1334 1533 1558 1579 Arimaspos!
1592 1532 1634 1566 Et
1656 1532 1698 1567 de

223 1588 446 1634 Gorgonibus
475 1588 614 1634 quidem
643 1588 835 1634 pugnantia
856 1589 1054 1623 traduntur.
1096 1588 1144 1622 De
1167 1599 1313 1634 quarum
1336 1587 1479 1622 sedibus
1501 1598 1590 1634 quae
1611 1598 1700 1633 pro-

220 1644 387 1679 lixissime
409 1643 598 1689 disputavit
614 1643 809 1678 Vtilckerus
832 1644 1178 1690 comprehendemus
1201 1643 1315 1678 verbis
1331 1643 1543 1678 scholiastae
1559 1642 1699 1677 Pindari

223 1699 264 1734 ad
286 1699 387 1745 Pyth.
409 1699 449 1733 X.
476 1699 537 1734 72.
563 1693 604 1733 αἶ
633 1695 676 1733 δὲ
698 1694 893 1748 Γοργόνες
921 1695 1024 1734 κατὰ
1049 1695 1124 1746 μέν
1143 1710 1254 1741 τινας
1274 1695 1314 1734 ἐν
1334 1700 1417 1740 τοῖς
1439 1693 1700 1748 Ἐρυθραίοις

220 1751 355 1804 μέρεσι
378 1750 442 1788 καὶ
464 1755 547 1796 τοῖς
566 1750 841 1797 Αἰθιοπικοῖς,
865 1748 889 1789 ἅ
911 1751 990 1789 ἐστι
1012 1750 1113 1803 πρὸς
1134 1749 1333 1796 ἀνατολὰς
1348 1750 1412 1788 καὶ
1427 1749 1698 1802 μεσημβρίαν,

223 1806 326 1845 κατὰ
348 1805 393 1844 δέ
412 1820 521 1851 τινας
541 1806 601 1844 ἐπὶ
623 1810 703 1844 τῶν
722 1805 906 1859 περάτων
926 1810 996 1857 τῆς
1009 1806 1190 1857 Λιβύης,
1213 1803 1238 1844 ἅ
1261 1807 1341 1844 ἐστι
1361 1805 1462 1859 πρὸς.
1483 1805 1608 1844 δύσιν.
1637 1801 1697 1844 ὅτι

223 1862 266 1900 δὲ
289 1860 328 1900 αἱ
347 1860 544 1914 Γοργόνες
565 1859 637 1900 οὐκ
657 1861 729 1900 εἶσὶ
753 1860 853 1913 πρὸς
873 1859 1045 1914 ἄρκτους
1067 1862 1206 1913 δῆλον·
1230 1860 1361 1907 οὐδεὶς
1380 1860 1455 1914 γὰρ
1479 1859 1698 1914 ἱστόρησεν.

223 1921 328 1966 Atqui
357 1926 417 1955 aut
445 1921 514 1955 hoc
546 1931 687 1966 quoque
710 1921 835 1955 salsum
859 1926 930 1961 est,
960 1921 1002 1955 ab
1025 1921 1120 1956 nullo
1144 1921 1319 1967 scriptore
1342 1921 1382 1955 ad
1406 1920 1698 1967 septemtrionem

224 1976 416 2010 collocatas
438 1986 516 2010 esse
540 1976 742 2021 Gorgones,
774 1976 802 2009 si
822 1976 1013 2022 Arimaspi,
1038 1987 1127 2022 quos
1150 1976 1189 2010 iis
1212 1976 1394 2011 consociat
1415 1975 1632 2022 Aeschylus,
1656 1974 1700 2009 il—

222 2031 290 2065 linc
320 2030 492 2065 removeri
520 2035 716 2076 nequeant,
749 2036 808 2065 aut
829 2031 1033 2077 Arimaspos
1064 2031 1256 2065 transferre
1280 2042 1441 2076 cogimur
1461 2041 1503 2065 eo
1525 2030 1585 2065 ubi
1607 2030 1699 2065 Gor-

223 2097 335 2133 gones
356 2086 444 2120 istae
465 2085 636 2120 habitant.
677 2085 716 2119 Id
736 2085 824 2120 miro
847 2086 999 2132 quodam
1020 2086 1126 2120 1110(10
1149 2086 1232 2121 fecit
1249 2086 1288 2120 Ο.
1304 2086 1471 2120 Mtillerus
1492 2086 1527 2120 in
1549 2085 1699 2120 Dorien-

224 2142 314 2176 sium
345 2141 413 2176 vol.
436 2141 461 2175 1.
492 2152 526 2187 p.
551 2141 643 2176 276.
667 2151 742 2187 seq.
775 2141 962 2176 Damasten
1001 2141 1094 2187 apud
1123 2141 1341 2187 Stephanum
1373 2141 1575 2187 Byzantium
1603 2141 1636 2175 in
1665 2153 1697 2176 v,

218 2192 478 2245 ‘Ynepssooeoz
492 2223 501 2241 ‚
541 2196 640 2231 cuius
676 2196 781 2231 verba
814 2196 903 2231 infra
938 2196 1125 2231 afferemus
1139 2224 1146 2237 ‚
1184 2197 1257 2231 sine
1295 2196 1400 2231 dubio
1429 2197 1634 2243 Arimaspos
1664 2196 1698 2231 in

224 2252 477 2299 septemtrione
500 2252 601 2286 Ponti
622 2252 743 2286 Euxini
772 2257 807 2287 et
836 2252 976 2298 quidem
1006 2253 1161 2298 paullum
1190 2252 1362 2287 orientem
1390 2263 1513 2287 versus
1534 2252 1698 2298 posuisse

223 2319 393 2348 censens,
425 2308 459 2342 in
490 2318 593 2353 quam
622 2318 696 2342 rem
717 2307 886 2342 Vkertum
916 2308 957 2343 de
980 2307 1142 2343 Damaste
1172 2319 1208 2354 p.
1233 2309 1297 2345 48.
1320 2312 1502 2343 auctorem
1531 2307 1699 2342 adhibere

223 2364 378 2405 videtum
410 2363 598 2397 Issedones
629 2368 746 2398 autem
779 2368 813 2397 et
833 2363 1036 2410 Arimaspos
1059 2369 1094 2398 et
1114 2363 1260 2410 griphos
1282 2375 1416 2410 negans
1438 2363 1615 2399 occidenti
1635 2363 1700 2398 ad-

223 2418 355 2453 moveri
382 2429 509 2465 posse,
545 2418 639 2464 quod
662 2430 702 2453 ex
721 2419 932 2453 testimoniis
955 2431 973 2453 a
994 2419 1119 2454 Vossio
1141 2419 1254 2454 allatis
1275 2424 1416 2465 patere;
1447 2418 1697 2465 Hyperboreos

224 2479 347 2508 contra
369 2474 411 2508 ad
433 2474 654 2509 occidentem
676 2475 827 2520 migrare
848 2475 1008 2520 potuisse
1031 2474 1170 2509 avulsos
1192 2474 1234 2509 ab
1249 2475 1460 2521 Arimaspis:
1486 2474 1641 2520 nihilque
1662 2473 1696 2508 in

225 2529 436 2563 contrariam
456 2534 592 2575 partem
614 2530 729 2565 valere
746 2530 945 2565 Antimachi
966 2535 1001 2565 01
1016 2530 1201 2565 Pherenici
1216 2531 1476 2565 auctoritatem.
1510 2529 1592 2564 Mihi
1607 2530 1696 2564 haec

224 2584 446 2629 imperiosius
470 2585 560 2619 dicta
582 2585 761 2620 videntur:
785 2596 900 2631 neque
923 2590 983 2620 aut
1004 2586 1097 2632 apud
1120 2585 1281 2620 Vossium
1303 2586 1440 2620 invenio
1463 2584 1557 2631 quod
1579 2584 1637 2624 ait,
1662 2589 1696 2619 et

224 2639 387 2679 Vkertus,
411 2650 513 2685 quam
536 2640 658 2686 exigua
680 2640 766 2675 fides
788 2641 960 2675 Damastis
983 2641 1038 2681 sit,
1062 2652 1102 2675 ex
1123 2640 1297 2675 Strabone
1319 2641 1346 2675 1.
1367 2653 1402 2686 p.
1427 2642 1490 2676 47.
1514 2639 1631 2674 docet.

335 2694 411 2728 Non
439 2696 638 2740 negaverim
669 2707 735 2741 ego
758 2696 916 2742 quidem,
949 2696 1096 2731 concedi
1118 2697 1186 2731 hoc
1208 2696 1359 2731 fortasse
1380 2694 1553 2741 Aeschylo
1575 2705 1694 2741 posse,
