1878 3115
220 193 301 233 396
786 201 1130 235 ADNOTATtoNES

332 305 424 340 310.
455 298 562 339 ἐστὶν
581 304 675 338 Flor.

332 361 424 395 311.
452 352 611 404 σώμασι
633 359 732 394 Bess.
848 355 1117 396 πεπτωκότων
1136 362 1302 396 Auratus.

333 416 424 451 313.
457 414 551 448 Libri
578 411 719 457 παῖδες
744 410 953 464 γερόντιον.
1004 416 1107 459 Quod
1136 416 1312 451 Stanleius
1340 416 1508 463 protulit,
1540 413 1693 461 παῖδες,

217 466 417 517 γέροντες,
449 469 641 504 sull'uratus
664 475 718 505 est
741 472 884 506 Aurato.
934 472 972 506 ln
994 471 1207 507 editionibus
1230 472 1374 507 Victorii
1396 477 1430 507 et
1453 472 1593 507 Canteri
1614 472 1696 507 iun-

217 530 349 570 guntur
369 526 468 565 haee,
493 522 731 573 qizisumu'wv
750 523 890 569 παῖδες
909 521 1116 577 γερόντων.
1145 528 1183 562 In
1205 527 1357 563 editione
1380 527 1525 563 Stanleii
1548 527 1696 574 aliisque

219 581 349 626 virgula
370 586 453 626 post
474 578 714 629 φυταλμίων
732 582 848 628 posita
871 587 944 623 est,
977 583 1072 629 quod
1103 594 1210 629 quum
1239 583 1415 630 probabat
1445 583 1624 618 disserens
1655 582 1698 618 de

218 648 258 670 ea
280 647 365 671 voce
388 636 561 682 Reisig-ius
582 637 616 671 in
638 637 761 672 Enarr.
785 637 828 672 ad
850 638 936 673 Oed.
954 638 1028 674 Col.
1045 639 1205 685 p.XLIX.
1227 651 1343 685 neque
1365 639 1532 685 cogitavit
1553 638 1700 674 firman-

218 692 300 726 dum
329 692 446 738 aliquo
479 692 638 739 exemplo
669 692 778 727 fuisse
807 704 937 728 nomen
966 695 1035 730 hoe
1065 695 1096 729 vi
1126 694 1334 730 substantivi
1364 694 1541 741 positum,
1579 705 1696 740 neque

218 747 374 782 ostendit
390 759 453 783 cur
467 747 522 782 liic
540 748 682 783 omnino
705 755 1031 785 commemorentur
1046 761 1170 785 senum
1185 761 1350 796 corpora.
1374 750 1443 785 Sed
1458 749 1697 796 negligentius

217 804 274 838 ille
296 804 361 837 lios
383 814 506 838 versus
528 803 747 850 inspexerat,
770 809 810 839 ut
831 810 962 840 stratos
984 805 1071 840 alios
1094 817 1202 852 super
1222 806 1309 841 alios
1332 806 1399 841 dici
1420 810 1582 852 putaret,
1606 816 1696 851 quos

217 859 311 893 vivos
328 859 507 905 amplexos
524 870 603 894 esse
619 870 770 906 corpora
785 866 1007 895 mortuorum
1023 862 1360 908 narratAeschylus.
1378 861 1483 907 Atqui
1501 860 1632 895 mortui
1648 860 1696 895 illi

216 926 287 949 non
310 919 392 949 sunt
413 914 469 949 alii
487 925 591 960 quain
614 914 673 960 qui
694 914 798 949 armis
821 915 933 961 captis
955 916 989 949 in
1010 917 1114 950 hoste
1136 915 1178 950 ab
1199 915 1288 951 urbe
1311 916 1532 951 defendendo
1554 915 1698 950 cecide—

217 975 307 1004 rant.
351 969 507 1012 Quorum
529 970 563 1004 in
584 980 732 1004 numero
753 981 825 1004 non
846 976 994 1017 apparet
1015 971 1194 1017 quomodo
1216 971 1273 1006 hie
1295 982 1399 1006 senes
1417 971 1485 1006 dici
1502 971 1695 1017 potuerint,

220 1037 327 1071 quum
346 1036 434 1071 quae
452 1025 671 1071 praecedunt
686 1026 827 1060 nomina
848 1037 919 1061 non
940 1026 1099 1072 ipsorum
1121 1027 1246 1062 aetatis
1268 1027 1505 1062 diversitatem
1518 1054 1526 1068 ‚
1557 1026 1620 1061 sed
1637 1038 1698 1062 va-

217 1081 379 1115 rietatem
402 1080 704 1115 neeessitudinum
725 1081 894 1117 indicent.
941 1084 1056 1125 Quare
1077 1083 1211 1117 maritis
1232 1082 1471 1129 fratribusque
1491 1082 1696 1117 memoratis

219 1137 310 1171 tertii
333 1136 434 1171 adiici
454 1141 575 1182 patres
597 1136 792 1178 debebant,
825 1137 951 1184 quibus
974 1138 1002 1172 si
1024 1143 1078 1173 est
1098 1134 1238 1180 παῖδες
1257 1138 1425 1179 additum,
1450 1142 1577 1184 sponte
1598 1142 1698 1184 patet

218 1192 262 1227 ad
278 1197 397 1227 cetera
418 1192 560 1226 nomina
582 1192 742 1227 similiter
756 1204 884 1228 uxores
907 1204 1122 1240 sororesque
1144 1193 1274 1229 dehere
1290 1194 1448 1240 intelligi.
1471 1194 1593 1239 ltaque
1608 1194 1697 1228 dua-

219 1259 296 1282 rum
327 1247 398 1281 sive
431 1248 563 1283 rectius
593 1249 696 1282 unius
725 1248 863 1283 litterae
893 1249 1088 1284 imitatione
1117 1242 1314 1285 τεκόντων
1340 1249 1598 1284 restituendum
1628 1254 1693 1284 est.

219 1304 276 1338 Sic
300 1303 498 1349 Sophocles
520 1303 555 1338 in
576 1303 689 1351 Etym.
712 1304 757 1339 M.
778 1316 814 1351 p.
835 1305 926 1347 803,
948 1306 982 1341 5.
1013 1303 1219 1356 προςῆλθε
1246 1302 1368 1355 μητρὶ
1391 1301 1456 1340 καὶ
1478 1301 1695 1356 φυταλμίῳ

217 1355 352 1408 πατρί.

332 1416 424 1450 315.
457 1410 748 1458 νυκτίπλακτος
768 1416 869 1452 Farn.

331 1471 422 1506 316.
455 1471 590 1517 νῆστις
612 1471 704 1506 Flor.
728 1472 816 1507 Vict.
867 1467 1019 1520 νήστισι
1040 1472 1139 1507 Bess.
1189 1466 1342 1520 νήστεις
1363 1472 1466 1507 Farn.
1488 1471 1584 1518 quod
1606 1482 1695 1506 con-

216 1525 349 1561 iecerat
369 1526 581 1561 I‘earsonus.
621 1527 659 1562 Id
681 1528 924 1574 recipiendum
947 1528 1026 1563 duxi
1046 1533 1085 1563 ut
1106 1528 1252 1563 maxime
1276 1528 1434 1574 simplex.

330 1583 421 1618 319.
455 1575 668 1628 οἰκήμασιν
688 1583 790 1618 Farn.
814 1584 903 1618 Vict.
942 1579 1130 1630 οἰκήμασι
1151 1583 1251 1618 Bess.
1273 1583 1367 1617 Flor.

331 1638 422 1673 320.
455 1632 610 1672 νέουσιν
629 1638 716 1673 Viet.
750 1635 928 1674 ναίουσιν
948 1639 1045 1673 Bess.
1070 1639 1162 1673 Flor.
1180 1639 1282 1673 Farn.
1306 1644 1345 1673 ut
1366 1649 1406 1673 ex
1426 1637 1547 1672 Aurati
1569 1648 1692 1672 einen-

217 1692 370 1732 datione,
395 1704 499 1739 quam
523 1698 643 1728 tacens
665 1694 811 1729 adscivit
832 1694 1028 1735 Staiileius,
1052 1694 1220 1740 deinceps
1242 1694 1373 1728 editum
1396 1698 1462 1728 est.

329 1749 421 1785 321.
453 1742 780 1795 ἀπαλλαχθέντες
801 1750 899 1785 Bess.
934 1750 1066 1784 lleinde
1088 1749 1166 1784 libri
1189 1744 1242 1791 ὥς
1263 1745 1541 1795 ὸυσὸαίμονες.
1573 1747 1693 1782 Blem—

217 1804 355 1838 lieldius
377 1804 512 1850 recepit
534 1805 630 1850 quod
652 1805 796 1840 Vossius
810 1833 817 1847 ‚
849 1806 1048 1846 StanleiuS,
1080 1805 1298 1851 Musgravius
1321 1805 1553 1840 coniecerunt
1575 1798 1628 1845 (ὃς
1650 1798 1691 1837 δ”

219 1853 463 1905 εὐδαίμονες.
532 1860 597 1895 Alii
628 1861 692 1895 alia
722 1862 965 1896 coniecerunt.
1032 1861 1114 1896 Mihi
1145 1861 1227 1896 olim
1256 1860 1439 1895 videbatur
1466 1858 1692 1894 scribendum

219 1926 297 1949 esse
321 1910 374 1956 ὡς
395 1911 437 1949 δὲ
460 1911 663 1962 δαήμονες
694 1928 774 1952 eum
805 1917 869 1951 diis
899 1917 990 1952 enim
1021 1922 1272 1963 comparantur
1302 1916 1515 1962 quicumque
1536 1915 1590 1950 vel
1611 1919 1693 1949 sunt

216 1970 310 2004 beati
339 1970 392 2004 vel
424 1982 503 2005 esse
533 1971 598 2005 sibi
626 1972 799 2007 videntur.
850 1972 921 2007 Sed
950 1972 1086 2006 videtur
1116 1977 1233 2006 tamen
1263 1971 1451 2006 Seliiitzius
1481 1970 1692 2005 sententiam

216 2025 320 2059 liuius
342 2025 411 2060 loci
432 2031 529 2060 recte
550 2027 777 2061 intellexisse.
836 2028 868 2061 Is
898 2027 977 2062 τῶν
1007 2021 1048 2061 δ’
1069 2022 1303 2075 ὑπαιθρίων
1331 2026 1513 2071 corrigens
1543 2025 1692 2060 servavit

217 2075 271 2122 ὡς
292 2077 563 2127 ὸύςὸαᾲιονες,
587 2087 624 2116 ut
642 2082 804 2117 dicantur
818 2082 941 2117 Graeci
962 2082 1056 2116 liaud
1073 2092 1176 2117 secus
1193 2093 1232 2116 ac
1249 2092 1438 2127 pauperes,
1463 2080 1588 2126 quibus
1607 2081 1691 2115 nihil

218 2142 272 2171 est
293 2136 388 2182 quod
409 2137 622 2178 custodiant,
646 2138 897 2172 incustoditam
918 2143 1027 2172 totam
1050 2142 1191 2172 noctem
1214 2137 1379 2171 dormire.
1430 2135 1585 2170 Eandem
1607 2147 1690 2170 sen—

218 2192 362 2227 tentiam
385 2197 422 2226 ut
444 2192 639 2233 efficerem,
671 2194 797 2239 scripsi
826 2188 879 2235 ὡς
900 2188 940 2227 δ’
966 2187 1171 2240 ἀλήμονες.
1220 2192 1359 2227 Incerta
1388 2197 1506 2226 tamen
1534 2202 1591 2226 res
1622 2197 1688 2226 est.

218 2248 381 2282 Fortasse
402 2248 598 2294 Aeschylus
627 2249 814 2295 scripsisse
843 2248 1021 2295 putandus
1052 2253 1106 2283 est
1135 2243 1189 2289 ὡς
1210 2242 1250 2281 ὁ)
1275 2241 1500 2293 (Ξὸἐίμονες,
1532 2246 1597 2281 etsi
1618 2258 1689 2281 non

217 2303 330 2338 liabeo
352 2303 456 2337 huius
477 2303 638 2339 vocabuli
660 2305 877 2351 exemplum:
902 2304 965 2339 sed
986 2303 1186 2339 huiusmodi
1208 2303 1340 2337 formae
1363 2302 1514 2337 rariores
1536 2307 1628 2343 sunt,
1651 2306 1691 2336 ut

218 2353 411 2407 [229'12111011
430 2360 523 2405 apud
544 2360 746 2405 Euripidem
763 2361 853 2395 Med.
873 2372 900 2395 ν.
916 2361 1008 2396 461.
1032 2366 1067 2394 et
1089 2359 1211 2394 eadem
1235 2358 1498 2405 comparatione
1520 2369 1586 2404 qua
1610 2354 1690 2392 ὸέι-

216 2411 358 2460 μαίνω,
377 2408 603 2461 ἄδει’,ιιατοῶ
621 2410 797 2463 ἄδειμος,
815 2410 1003 2463 ἀὸειζιιων,
1025 2415 1128 2450 etiam
1143 2410 1336 2461 κυμαίνω,
1354 2408 1572 2460 ἀκύματος,
1590 2405 1689 2448 ἄκυ-

216 2481 305 2515 μος,
328 2463 492 2515 ἀκύμων
509 2471 684 2506 dicuntur.

332 2526 422 2561 323.
455 2526 547 2560 Libri
569 2521 792 2572 εὐσεβοῦσι.
834 2527 992 2561 Correxit
1015 2525 1263 2561 Valckenarius
1285 2524 1328 2559 ad
1349 2524 1481 2559 Phoen.
1506 2536 1535 2559 V.
1553 2526 1667 2561 1331.

332 2581 423 2615 324.
456 2582 566 2617 {tabu
584 2575 617 2616 τ’
639 2576 845 2629 ἷδρύλιιατα
865 2582 963 2616 Bess.

332 2636 422 2671 325.
455 2631 526 2671 οὐκ
553 2630 603 2671 ἄν
630 2631 663 2685 γ’
686 2631 840 2679 ἑλόντες
868 2638 960 2672 rior.
991 2638 1092 2672 Farn.
1117 2637 1204 2671 Υἱοὶ.
1255 2628 1328 2670 οὐκ
1356 2628 1560 2677 ἀνελόντες
1587 2635 1685 2686 ΙΞο55.

221 2690 354 2736 Scripsi
383 2685 506 2727 οὐτόὲν
533 2686 697 2735 ἑλόντες.
749 2693 785 2729 Υ.
810 2694 940 2740 Opuse.
963 2693 1017 2729 lV.
1040 2704 1074 2740 p.
1095 2693 1185 2729 379.
1209 2696 1244 2727 ct
1267 2691 1357 2728 381.
1406 2690 1537 2725 Deinde
1568 2687 1688 2732 αὖθις
