1878 3115
770 191 825 224 AD
852 191 1029 224 01111515.
1559 182 1639 222 209

163 308 207 331 1111
229 295 335 331 certis
363 295 399 330 in
428 294 743 342 significationibus
766 306 806 330 ea
828 295 960 342 syllaba
982 295 1212 342 producatur.
1252 293 1332 328 Veri
1355 299 1471 329 tamen
1493 293 1639 329 similius

162 351 299 386 videtur
331 362 440 386 unum
476 351 655 386 dumtaxat
677 362 756 386 esse
779 362 907 385 nomen
930 344 1073 398 εὐαγής
1092 349 1188 385 brevi
1209 349 1323 384 media
1345 348 1496 396 syllaba,
1534 360 1639 396 quam

161 418 364 442 mensuram
399 405 532 442 habere
567 406 705 441 videtur
734 406 838 442 etiam
869 400 1066 456 ἀκραγής,
1105 416 1175 452 quo
1205 416 1291 440 usus
1313 409 1368 440 est
1387 404 1583 452 Aeschylus
1605 404 1639 440 in

162 462 278 498 Prom.
299 474 330 498 v.
354 463 446 499 804.

363 511 614 564 ὀξυστόμους
632 511 708 580 γὰρ
729 510 862 563 Ζηνὸς
882 508 1069 565 ἀκραγεῖς
1089 508 1210 558 κύνας

361 573 518 622 γρῦπας
537 570 618 620 (pv).
622 566 726 615 ἄξαι.

162 627 343 663 Falluntur
363 628 455 662 enim
477 627 536 673 qui
556 627 590 661 id
611 638 630 661 a
651 619 808 675 κράζειν
827 625 972 660 ductum
992 629 1130 671 putant,
1148 624 1240 670 quia,
1259 624 1287 658 si
1304 624 1351 659 ita
1366 630 1473 666 esset,
1491 625 1640 672 primam

162 682 330 729 syllabam
347 688 454 728 poeta
469 693 539 717 non
556 681 800 728 produxisset:
820 681 940 726 itaque
956 684 1055 714 recte
1071 679 1128 715 alii
1145 673 1290 726 ὄξυχό)
1295 690 1376 724 ους,
1394 673 1642 729 ἀκροχόλους

161 738 452 784 inteipietantur.
505 737 569 772 Est
597 742 714 771 autem
745 729 889 783 εὐαγής
908 735 1052 782 proprie
1074 740 1238 775 sanctus,
1269 734 1395 770 deinde
1416 747 1540 777 sacer,
1563 736 1585 772 i.
1608 747 1640 772 e.

161 793 221 840 qui
243 792 287 828 oh
310 793 534 828 sanctitatem
555 792 696 828 colitur.
736 791 785 826 Ex
804 791 859 826 his
881 790 1017 825 duabus
1039 789 1355 837 significationibus
1376 790 1488 836 prima
1506 796 1640 826 tantum

160 849 207 884 ita
229 848 409 895 multiplex
431 853 497 889 est,
521 853 560 883 ut
580 847 701 894 plures
723 847 810 882 alios
832 846 1050 893 significatus
1071 845 1274 892 pepererit:
1297 846 1408 880 altera
1429 851 1547 880 autem
1571 851 1641 881 tam

160 904 319 950 simpleX,
341 909 380 939 ut
400 903 586 950 praeteriri
606 915 699 938 nunc
720 908 857 950 posset,
874 902 941 937 nisi
963 901 1005 936 de
1028 901 1166 937 duobus
1188 901 1288 942 lociS,
1312 901 1371 947 qui
1391 901 1426 935 in
1448 901 1642 936 dubitatio-

160 970 241 994 nem
261 960 375 995 1001111
397 964 490 999 sunt,
514 959 701 994 dicendum
722 958 912 993 videietur.
953 956 1078 992 Suidas
1099 961 1183 1003 post
1202 956 1271 997 illa,
1296 967 1386 1003 quae
1408 968 1515 1003 supra
1537 956 1640 992 allata

160 1020 261 1055 sunt,
291 1025 445 1077 ειαρῑς
462 1012 595 1056 καλῶς
614 1009 893 1064 περιηγμένος,
922 1006 1196 1061 μεταᾳορικὸς
1216 1020 1313 1046 svs)
1316 1023 1379 1057 ος,
1409 1012 1498 1047 haec
1519 1011 1638 1053 habet,

159 1082 225 1106 καί
246 1083 287 1105 ἓν
305 1082 392 1118 ἓΤῖίγ
394 1063 576 1117 Οάίᾳίαῖί

359 1119 558 1175 Πιερικάν
577 1118 788 1172 σάὶπιγγα,
811 1118 882 1159 τὸν
902 1116 988 1171 ala>
992 1118 1075 1158 ’ἔων
1093 1116 1233 1185 βαρὺν
1245 1133 1382 1169 viuum

422 1157 664 1227 χαλκευτάν,
687 1175 838 1226 κατέχει
860 1175 1074 1241 Πίνδαρον
1094 1170 1166 1213 ἅδε
1188 1171 1305 1220 κόνις.

160 1236 257 1272 Idem
287 1235 465 1271 distichon
486 1235 528 1270 ab
551 1235 704 1270 eodem
697 1246 731 1270 m
752 1246 783 1270 v.
799 1232 881 1281 χαλ
885 1227 1001 1281 zeum}
1006 1245 1025 1276 ς
1044 1234 1202 1268 assertur.
1243 1233 1306 1267 Est
1327 1237 1445 1267 autem
1466 1232 1641 1279 Antipatri

162 1291 296 1327 Sidonii
329 1291 363 1326 in
392 1291 558 1326 Brunckii
585 1290 684 1326 Anal.
714 1295 738 1326 t.
760 1290 802 1325 ll.
832 1301 868 1336 p.
892 1290 956 1325 27.
989 1300 1045 1335 ep.
1071 1290 1133 1325 79.
1163 1289 1235 1323 sive
1256 1288 1362 1323 Anth.
1385 1288 1456 1323 Pal.
1480 1288 1551 1323 Vll.
1575 1289 1640 1324 34.

160 1346 350 1393 Eleganter
370 1346 525 1393 Toupius
547 1339 720 1392 εῑαχέων
740 1344 847 1381 scribi
867 1345 996 1385 voluit,
1020 1344 1074 1378 his
1095 1343 1205 1390 ipsius
1227 1343 1367 1378 Pindari
1385 1342 1500 1378 verbis
1521 1348 1640 1378 motus

160 1403 208 1449 ΡΥ
213 1403 261 1438 111
272 1403 313 1438 ll.
330 1404 389 1438 14.
402 1402 483 1445 (24.
488 1405 500 1447 )
517 1394 653 1443 ἄὶλοις
673 1396 719 1436 δέ
736 1411 795 1442 τις
813 1395 897 1436 ἑτέ)
901 1410 1014 1435 εσσεν
1034 1392 1156 1441 ἄλλος
1176 1392 1275 1448 ἀνὴρ
1293 1392 1435 1445 εὐαχέα
1448 1396 1572 1445 βασι)
1576 1398 1642 1433 εὗ-

160 1468 224 1493 σιν
241 1469 379 1505 υμνον,
403 1450 531 1492 ἄποιν’
553 1450 710 1505 ἀρετᾶς.
751 1455 947 1491 Biunckius
975 1465 1057 1490 v·e10
1079 1454 1254 1501 vulgatam
1276 1459 1408 1495 tuetur,
1432 1453 1495 1488 sed
1516 1458 1555 1488 ut
1576 1447 1641 1488 εὐ-

162 1524 212 1560 αγ
214 1508 290 1548 ἔων
316 1513 509 1548 secundam
535 1511 709 1559 syllabam
737 1511 948 1558 pioductam
978 1510 1107 1545 habeat
1137 1515 1172 1545 et
1193 1510 1343 1556 hymnos
1365 1509 1456 1544 bene
1478 1514 1640 1544 tornatos

160 1568 353 1615 significet:
378 1568 473 1614 quod
493 1568 551 1603 ille
573 1579 681 1614 quum
702 1567 799 1602 nullo
816 1566 883 1601 alio
905 1571 1114 1612 argumento
1132 1565 1256 1600 fecerit
1273 1576 1377 1611 quam
1394 1570 1543 1611 propter
1559 1564 1643 1599 Sui-

161 1623 511 1670 daeexplicationem
528 1629 563 1658 et
577 1628 727 1670 propter
747 1615 924 1671 ῥυκάναν
938 1616 1080 1670 εὖαγέα
1093 1620 1186 1667 apud
1197 1620 1389 1656 Leonidam
1400 1620 1638 1661 Tarentinum,

159 1679 246 1714 nihil
267 1690 414 1714 caussae
437 1684 492 1714 est
508 1689 616 1725 quare
633 1678 665 1713 ei
677 1678 901 1713 accedamus.
930 1677 1017 1712 Nam
1033 1676 1210 1711 Leonidae
1228 1677 1443 1723 epigramma
1460 1675 1640 1721 quomodo

160 1734 354 1770 Meinekius
375 1734 613 1770 emendaverit
632 1744 740 1780 supra
761 1733 893 1768 dictum
915 1738 981 1773 est,
1004 1732 1098 1778 apud
1114 1731 1257 1766 Suidam
1279 1737 1395 1766 autem
1416 1737 1514 1766 recte
1535 1730 1642 1766 intel-

160 1789 244 1825 lexit
264 1790 391 1825 Portus
413 1789 587 1836 Antipatri
616 1788 815 1835 exemplum
845 1788 889 1823 ad
916 1788 1018 1822 aliam
1041 1798 1145 1833 quam
1168 1798 1257 1832 quae
1280 1798 1297 1821 a
1321 1786 1426 1821 Suida
1447 1785 1565 1832 posita
1586 1790 1642 1820 est

162 1845 456 1891 significationem
492 1849 667 1890 spectare.
719 1843 840 1889 Neque
875 1848 935 1877 aut
963 1843 1117 1877 Zonaras
1156 1847 1215 1876 aut
1245 1841 1437 1876 Favorinus
1465 1840 1640 1887 Antipatri

161 1911 284 1936 versus
305 1900 451 1936 addunt.
491 1900 613 1946 Itaque
635 1910 706 1934 11011
728 1898 794 1933 erit
816 1897 1045 1933 dubitandum
1063 1897 1147 1944 quin
1161 1897 1345 1943 Antipater
1360 1908 1469 1933 sacra
1486 1896 1640 1931 carmina

160 1956 308 2002 intelligi
336 1955 497 1991 voluerit.
536 1954 634 1990 Alter
661 1954 762 1989 locus
783 1953 951 2000 Antiphili
974 1953 1077 1988 estin
1097 1952 1197 1988 Anal.
1219 1952 1275 1988 ΒΓ.
1299 1957 1323 1988 t.
1346 1952 1387 1988 ΙΙ.
1409 1963 1444 1998 p.
1472 1953 1560 1988 177.
1583 1962 1639 1998 ep.

163 2012 228 2048 29.
249 2011 320 2046 sive
339 2011 446 2046 Anth.
466 2010 538 2045 Pal.
559 2009 615 2045 ΙΧ.
637 2010 730 2046 404.
753 2009 795 2044 de
816 2009 952 2068 apibus,

354 2059 544 2115 χαίροιτ,
566 2058 651 2113 {day
655 2060 732 2110 ἐἐς,
755 2076 821 2100 και
842 2061 883 2099 ἐν
904 2056 1047 2099 ἄνθεσι
1069 2058 1349 2110 ποιμαίνεσθε,

430 2117 616 2170 αἰθερίου
637 2116 782 2168 πτηναὶ
806 2115 994 2168 νέκταρος
1014 2112 1229 2168 ἐργάτιδες.

162 2176 211 2212 Ibi
231 2188 314 2212 velo
336 2177 378 2212 H.
397 2176 600 2223 Stephanus
622 2169 777 2223 {dayfeg
797 2177 912 2221 ayilcs
934 2175 1208 2220 inteipietatui
1239 2172 1441 2213 laeohsius,
1479 2178 1518 2207 111
1546 2172 1640 2219 apud

160 2233 361 2279 Virgilium,
392 2234 483 2269 leves
513 2231 582 2266 (1101
611 2242 696 2277 apes
727 2231 912 2265 existimat.
956 2230 1019 2272 On
1013 2241 1067 2264 1111
1089 2229 1382 2275 significationem
1404 2239 1511 2274 quum
1533 2239 1640 2274 supra

163 2288 304 2322 omnino
326 2287 361 2322 in
382 2286 636 2322 dubitationem
657 2285 916 2326 adduxerimus,
934 2285 990 2319 hic
1009 2289 1105 2319 tanto
1127 2284 1242 2318 minus
1263 2288 1428 2329 putamus
1449 2283 1641 2318 admitten-

163 2343 241 2378 dam
277 2353 376 2383 esse,
413 2341 509 2388 quod
545 2352 653 2387 quum
681 2351 766 2386 apes
800 2341 869 2375 hoc
900 2341 1152 2386 epigrammate
1181 2339 1215 2373 in
1237 2338 1359 2385 primis
1381 2337 1426 2372 ob
1447 2338 1639 2384 gratuitum

162 2397 276 2432 mellis
297 2397 427 2432 donum
448 2396 654 2437 laudentur,
677 2395 787 2430 multo
809 2395 925 2441 aptius
947 2400 1001 2429 est
1022 2405 1141 2429 sacras
1163 2405 1222 2429 eas
1244 2393 1483 2439 colendasque
1505 2399 1641 2428 morta-

162 2453 254 2488 libus
276 2464 294 2487 a
315 2457 422 2499 poeta
443 2451 522 2486 dici.
565 2450 635 2486 Sed
656 2450 764 2485 redeo
786 2450 830 2485 ad
850 2450 998 2497 primam
1020 2449 1324 2495 significationem,
1349 2459 1437 2494 quae
1458 2450 1641 2486 sanctita-

163 2510 208 2545 tis
245 2514 311 2543 est.
367 2507 536 2542 Sanctum
566 2511 683 2541 autem
713 2506 860 2541 dicimus
887 2506 1001 2552 primo
1030 2516 1110 2540 eum
1132 2505 1190 2551 qui
1220 2506 1364 2541 sceleris
1384 2504 1548 2539 immunis
1571 2510 1637 2540 est.

162 2565 213 2599 lta
234 2557 404 2611 εὐαγέως
432 2563 564 2597 dictum
594 2566 649 2596 est
676 2561 712 2596 in
733 2561 921 2596 Homerico
951 2561 1080 2607 hymno
1104 2560 1241 2595 Cereris
1262 2571 1293 2594 1·.
1317 2560 1409 2595 274.
1434 2560 1526 2596 369.
1549 2571 1639 2606 quae

162 2619 405 2665 antiquissima
427 2622 524 2653 esset
543 2628 608 2664 pro
629 2617 695 2652 hac
717 2628 802 2652 voce
824 2617 1037 2657 auctoritas,
1068 2616 1096 2650 si
1118 2616 1202 2651 satis
1224 2620 1406 2651 constaret
1426 2615 1509 2662 quid
1530 2615 1564 2650 in
1585 2616 1640 2651 his

162 2675 300 2722 hymnis
322 2674 436 2721 primo
459 2673 597 2708 auctori
619 2672 820 2708 deberetur.
861 2672 1072 2708 Theocritus
1093 2671 1206 2707 XXVI.
1232 2673 1295 2708 30.

230 2740 440 2767 AESCHYLUS
457 2739 492 2766 11.
1329 2735 1369 2766 14
