1878 3115
227 178 308 217 466
794 182 1137 216 ΑΒΝΟΤΑΤΙΟΝΕε

228 287 334 323 bebat
357 285 551 321 Cassandra
565 313 572 326 ‚
597 296 688 320 nuuc
711 296 748 320 se
770 285 1020 322 infortunatam
1038 292 1072 321 et
1093 285 1327 333 propinquam
1358 286 1462 321 morti
1478 298 1549 322 non
1570 286 1701 322 habere

230 354 390 379 caussam
413 354 476 377 cur
497 341 589 377 celet
610 342 687 381 ista,
711 341 745 376 id
766 342 897 377 chorus
920 353 1100 389 occupans
1122 341 1207 377 dicit
1227 343 1397 378 nimirum
1419 345 1536 389 quivis
1552 344 1705 390 [33ιίἀί-

230 400 328 434 osior
351 405 409 437 est,
439 410 545 444 quum
563 409 743 443 prospera
763 400 898 444 gaudet
917 399 1080 445 fortuna.
1120 397 1177 437 Ac,
1199 397 1312 443 inquit
1334 397 1540 439 Cassandra,
1572 404 1701 439 tamen,

230 454 385 500 quamvis
403 453 583 487 fastidiosa
602 463 731 494 essem,
753 454 816 490 ille
831 455 998 500 urgebat,
1014 455 1252 489 vehementem
1270 465 1357 500 crya
1371 465 1424 488 me
1439 456 1587 501 spir-ans
1604 466 1704 489 amo-

229 523 313 545 rem.
359 508 526 543 Similiter
545 520 576 543 V.
602 510 717 544 1194.
740 508 824 544 dicit
853 502 1057 544 ἄσπονδον
1075 502 1199 557 Ἄρην
1228 506 1360 557 φίλοις
1379 505 1588 544 πνέουσαν.
1627 509 1703 544 Non

229 571 327 601 recte
348 567 501 599 Auratus
525 576 554 599 V.
579 565 696 600 1165.
719 560 818 611 ἐμοῦ
839 565 893 599 vel
913 560 1012 611 ἐμὴν
1032 564 1257 599 scribendum
1278 564 1437 611 putabat.

347 622 360 656 1
377 621 463 656 166.
495 619 589 654 Libri
608 613 785 667 ἤλθετον
801 615 922 670 νόμῳ.
956 620 1142 655 Elmsleius
1159 620 1392 667 adAristoph.
1404 620 1555 655 Acharn.
1567 631 1597 654 ν.
1612 620 1703 656 733.

231 681 265 711 et
287 676 330 711 ad
352 676 434 710 Eur.
457 675 548 710 Med.
566 687 597 710 ν.
613 676 730 712 1042.
751 669 928 723 ἠλθέτην
949 675 1175 711 scribendum
1198 676 1391 717 contendit,
1414 681 1525 716 recte,
1548 680 1588 710 ut
1607 674 1705 710 vide-

231 738 298 767 tur.
341 731 410 766 Sed
433 731 526 777 quod
548 742 614 777 pro
637 726 746 782 νόμῳ
769 731 922 766 coniecit
942 731 1126 773 Butlerus,
1158 726 1282 778 ὁμοῦ,
1313 742 1385 766 non
1413 731 1565 766 debebat
1586 731 1706 766 Blom-

231 787 367 822 fieldius
389 787 562 833 recipere.
604 781 734 837 Νόμῳ
756 787 841 833 quid
862 787 907 821 sit
928 787 1109 822 declarant
1128 788 1216 822 haec
1238 787 1381 822 Homeri
1402 787 1441 822 Il.
1458 786 1512 822 IX.
1540 788 1629 823 133.

431 838 585 890 μήποτε
607 843 677 889 τῆς
698 836 812 890 εὐνῆς
833 836 1065 889 ἐπιβήμεναι
1086 837 1157 890 ἡδὲ
1176 843 1351 890 μιγῆναι,

431 892 457 947 ᾖ
479 893 599 944 θέμις
619 892 852 945 ἀνθρώπιον
871 893 988 942 πέλει,
1012 893 1172 945 ἀνδρῶν
1192 892 1262 945 ἠδὲ
1282 898 1493 945 γυναικῶν,

235 965 323 1000 quae
346 964 458 999 paene
480 953 604 987 iisdem
626 952 740 988 verbis
762 958 973 999 repetuntur
993 965 1024 987 v,
1044 954 1092 988 27
1102 954 1136 988 5.
1160 958 1195 987 et
1216 952 1300 987 xlx.
1328 954 1417 989 176.

351 1010 465 1044 1170.
498 1008 591 1043 Libri
614 1002 796 1050 ἄνακτος.
837 1009 872 1043 lr:
896 1009 998 1043 Faru.
1020 1008 1139 1054 glossa
1159 1001 1284 1056 ἤγουν
1303 1008 1388 1051 πῶς
1408 1003 1528 1057 ὀργῆς
1549 1001 1706 1057 ἐπειρά-

232 1063 313 1111 θης
330 1065 399 1099 Τοῦ
413 1058 676 1106 Ἀπόλλωνος.
713 1064 884 1099 Canterns
906 1057 1052 1106 ἄνατος
1071 1064 1287 1099 emendavit:
1311 1064 1394 1099 item
1411 1064 1592 1099 Dawesius
1609 1064 1706 1099 Misc.

234 1122 310 1155 crit.
331 1132 364 1165 p.
379 1121 470 1155 234.
494 1120 603 1164 (418.
622 1119 821 1165 ed.Kidd.).
858 1120 945 1154 Male
967 1131 1049 1155 vero
1068 1120 1279 1155 Schaeserus
1296 1120 1329 1154 in
1347 1120 1463 1155 Melet.
1477 1120 1601 1166 crit.p.
1619 1120 1706 1157 137.

233 1176 325 1210 hunc
350 1187 488 1210 versum
509 1175 660 1210 afferens
675 1172 816 1219 Λοξία
837 1175 1004 1210 exhibuit.
1040 1175 1277 1211 Blomlieldius
1295 1187 1402 1222 quum
1419 1175 1607 1222 legendum
1622 1186 1709 1210 cen-

234 1231 334 1266 sebat
354 1228 515 1273 Aeg-‘lov
537 1224 670 1275 κότου,
692 1243 763 1266 nou
785 1231 950 1278 cogitavit
970 1231 1005 1266 id
1025 1237 1174 1278 propter
1194 1231 1373 1267 insuavem
1395 1242 1521 1266 sonum
1543 1231 1707 1266 consulto

235 1287 432 1321 declinasse
454 1292 597 1333 poetam
618 1287 738 1321 videri.

353 1344 468 1378 1171.
499 1342 593 1377 Libri
614 1337 732 1377 οὐδὲν
751 1336 880 1377 οὐδέν.
921 1342 1124 1378 Emendavit
1147 1342 1330 1377 Canterus.

352 1400 467 1433 1175.
500 1395 704 1446 ᾳροιμίοις
731 1393 953 1447 ἐφημένους
983 1398 1065 1433 ven.
1089 1398 1181 1433 Flor.
1219 1403 1254 1433 et
1282 1398 1326 1433 ad
1354 1398 1511 1433 ultimam
1541 1397 1707 1444 syllabam

235 1465 341 1500 supra
363 1453 542 1500 adscripto
574 1464 631 1495 οις
652 1454 753 1488 Farn.
796 1450 1001 1502 φροιμίοις
1028 1450 1212 1502 ἕτρηλιιιόις
1233 1453 1320 1489 Vict.
1362 1454 1426 1488 Alii
1456 1454 1521 1488 alia
1543 1453 1710 1488 coniece-

235 1514 335 1547 runt,
370 1520 459 1555 quae
490 1520 560 1544 non
582 1515 635 1544 est
657 1520 787 1556 operae
809 1509 960 1556 pretium
983 1520 1274 1544 commemorare.
1325 1511 1481 1555 Apparet
1501 1508 1708 1544 vocabulum

236 1565 331 1610 quod
347 1565 543 1611 Aeschylus
562 1565 755 1611 scripserat
775 1564 997 1599 intercidisse
1014 1576 1056 1599 eo
1076 1564 1171 1610 quod
1193 1565 1285 1600 oculi
1306 1564 1437 1600 librarii
1459 1564 1710 1599 aberraverunt

236 1620 278 1654 ad
301 1620 482 1666 sequentis
505 1631 627 1655 versus
649 1620 765 1655 finem.
817 1619 906 1662 Quid
923 1620 1105 1666 scripserit
1120 1620 1315 1666 Aeschylus
1338 1625 1436 1655 certo
1455 1619 1522 1655 dici
1539 1631 1610 1654 non
1627 1625 1710 1666 pot-

237 1681 308 1710 est:
333 1676 436 1722 posui
459 1676 554 1722 quod
576 1676 747 1722 optimum
767 1675 956 1715 videretur,
980 1671 1183 1724 ᾳροιμίοις
1205 1671 1492 1724 ὁύςφροιμιόις.

353 1732 469 1767 1176.
503 1731 641 1766 Habent
668 1730 747 1766 libri
767 1726 1053 1780 μορφώμασιν.
1105 1730 1213 1765 Recte
1243 1736 1360 1766 autem
1392 1730 1425 1765 in
1448 1730 1527 1765 edd.
1549 1735 1633 1765 vett.
1655 1730 1711 1765 in—

239 1787 440 1833 terrogandi
463 1787 600 1833 signum
623 1787 823 1833 appositum
846 1791 912 1821 est.
955 1785 1123 1821 Schatzio
1153 1780 1273 1835 ὁρᾶτε
1303 1787 1529 1833 imperativus
1559 1797 1638 1821 esse
1659 1786 1711 1820 vi—

238 1842 399 1877 debatur.
430 1843 554 1889 Aptior
570 1848 605 1877 et
626 1842 752 1878 sortior
773 1847 828 1877 est
848 1842 891 1877 ad
905 1842 1040 1877 animos
1058 1842 1332 1877 commovendos
1346 1842 1589 1888 interrogatio.
1625 1841 1710 1876 Nam

239 1898 267 1932 si
288 1898 384 1932 iubet
404 1899 534 1939 videre,
559 1904 780 1945 spectatores
804 1909 945 1944 quoque
968 1898 1091 1933 oculos
1113 1898 1195 1932 illuc
1217 1898 1422 1939 advertunt,
1457 1908 1635 1944 quumque
1656 1897 1711 1932 ni-

237 1953 285 1987 hil
307 1959 580 2000 conspexerunt‚
612 1960 685 1988 tum
715 1954 854 1988 demum
884 1953 993 1988 solam
1023 1953 1078 1987 illa
1101 1953 1277 1988 fatidicam
1298 1954 1466 2000 virginem
1489 1963 1635 1988 cernere
1657 1953 1711 1987 in—

238 2008 413 2053 telligunt.
459 2008 494 2043 Si
517 2014 633 2043 autem
655 2009 863 2054 interrogat,
894 2009 970 2054 ipsa
1000 2009 1160 2054 quaestio
1183 2009 1300 2043 statim
1321 2009 1440 2055 prodit
1459 2009 1571 2055 ipsam
1592 2008 1710 2043 videre

239 2064 333 2109 quod
356 2064 413 2098 alii
432 2075 501 2098 non
524 2064 682 2098 videant:
706 2074 776 2109 quo
799 2063 916 2097 statim
938 2063 1066 2097 horror
1087 2063 1221 2098 animos
1243 2064 1401 2109 corripit.

356 2121 369 2154 1
385 2120 471 2155 178.
505 2119 638 2165 Copula
654 2119 747 2154 nulla
762 2119 888 2165 posita,
913 2118 992 2164 quia
1011 2118 1235 2153 declarantur
1249 2129 1471 2165 praegressa.
1492 2118 1580 2153 Male
1592 2118 1711 2153 Blom-

239 2173 375 2209 fieldius
396 2175 564 2221 virgulam
586 2175 705 2221 posuit
725 2179 808 2221 post
828 2170 978 2215 παῖδες.
1012 2173 1089 2208 Non
1105 2174 1197 2208 enim
1215 2168 1382 2223 ὡςπερεί
1397 2173 1575 2220 pertinere
1591 2178 1711 2220 potest

240 2229 283 2264 ad
304 2223 498 2272 θανόντες
517 2226 618 2279 πρὸς
638 2230 717 2265 τῶν
738 2226 878 2278 φίλων,
901 2228 981 2275 quia
997 2229 1031 2264 in
1054 2229 1181 2264 occisis
1203 2241 1274 2265 non
1295 2234 1442 2276 apparet
1462 2240 1479 2264 3
1502 2229 1628 2275 quibus
1642 2229 1707 2263 sint

241 2285 361 2326 occisi,
393 2286 456 2321 sed
485 2285 638 2320 refertur
666 2285 709 2320 ad
737 2281 889 2329 παῖδες,
920 2287 1026 2331 quasi
1053 2286 1160 2331 pueri
1179 2286 1361 2321 videntur.
1402 2285 1520 2331 Fregit
1540 2285 1606 2319 vim
1628 2284 1711 2319 dicti

241 2339 441 2382 Schutzius,
471 2346 611 2376 vertens
629 2343 740 2388 pueri
760 2341 853 2376 mihi
872 2345 1066 2386 apparent.
1118 2340 1195 2375 Non
1223 2340 1306 2381 sibi,
1338 2340 1401 2375 sed
1430 2340 1589 2387 quisquis
1618 2339 1710 2375 illam

240 2396 429 2442 imaginum
450 2396 610 2431 umbram
633 2406 780 2431 cernere
801 2395 927 2441 possit,
950 2406 1081 2442 pueros
1103 2395 1211 2431 videri
1233 2395 1419 2442 significat.

357 2452 474 2488 1180.
505 2448 548 2500 γέ
567 2463 632 2498 pro
652 2447 772 2500 γέμος
791 2450 877 2486 Veu.

359 2508 475 2543 1182.
507 2507 714 2554 Aegisthum
737 2506 838 2541 dicit:
861 2506 938 2541 vide
953 2517 984 2540 v.
1006 2507 1122 2542 1571.

358 2563 474 2598 1185.
508 2562 680 2605 Quoniam
700 2562 777 2597 heri
798 2572 838 2596 ac
860 2561 991 2596 domini
1013 2561 1249 2607 appellatione
1265 2572 1327 2596 usa
1345 2566 1410 2602 est,
1434 2561 1557 2596 dolens
1579 2566 1710 2596 sortem

243 2626 341 2649 suam
359 2617 454 2663 regia
470 2618 565 2664 virgo
582 2618 667 2653 illud
680 2617 804 2652 inserit
825 2612 959 2665 φέρειν
976 2611 1053 2664 γὰρ
1068 2611 1149 2665 χρὴ
1170 2610 1215 2651 τὸ
1237 2610 1398 2651 δούλιον
1413 2610 1539 2665 ζυγόν.
1607 2616 1710 2651 Farn.

244 2666 432 2707 δούλειον.
547 2673 639 2708 Flor.
663 2668 780 2721 ζυγὸν
800 2683 840 2707 ex
862 2671 1103 2708 correctione:
1136 2676 1239 2707 antea
1261 2667 1376 2721 ζυγω.
