1878 3115
207 194 261 234 90
770 196 1112 230 ΑῡΝοΤΑΤιοΝΕε

208 303 289 340 λεῖν
308 304 499 344 invenerat,
521 296 860 351 προυγελούμενον
880 311 996 335 veram
1018 310 1097 334 esse
1114 299 1305 334 lectionem
1322 299 1585 345 pronuntiasse.
1623 298 1688 332 Mi-

212 372 272 395 rae
294 360 372 395 illae
394 364 429 394 et
449 358 623 394 inauditae
645 357 778 391 formae
799 353 1030 405 προυγελεῖν
1051 359 1086 389 et
1106 352 1339 401 προυσελεῖν
1359 366 1427 400 qua
1448 354 1566 389 radice
1589 359 1688 389 ortae

209 416 296 457 sint,
330 427 397 461 qua
425 413 584 459 analogia
614 412 753 447 defendi
781 411 941 458 possint,
973 422 1041 457 qua
1063 409 1329 457 significationis
1351 409 1565 445 derivatione
1587 421 1689 445 com-

209 471 430 511 mendentur,
454 470 561 504 altum
584 474 619 503 et
635 468 727 514 apud
744 467 841 514 ipsos
859 472 894 502 et
908 466 1001 513 apud
1019 477 1141 501 eorum
1157 465 1374 512 pedisequos
1393 465 1584 501 silentium.
1620 465 1692 500 So-

209 527 275 567 lus,
300 526 394 572 quod
415 525 535 566 sciam,
557 524 790 559 Buttmannus
813 522 1014 569 perplexam
1037 521 1212 568 quandam
1232 521 1321 556 viam
1342 521 1377 556 in
1393 521 1548 567 Lexilogi
1566 520 1688 556 vol.II.

208 593 244 628 p.
272 583 360 617 159.
392 581 486 622 iniit,
516 585 556 615 ut
584 579 738 615 adhibita
768 579 884 614 littera
903 578 1047 613 Aeolica
1078 583 1113 612 et
1133 575 1363 626 προυγελεῖν
1393 582 1429 612 et
1459 574 1692 626 προυσελεΐν

208 642 389 678 tueretur,
428 636 540 671 dirimi
569 635 665 671 litem
694 640 791 670 ratus
824 634 971 669 Creticis
1000 634 1180 681 πρεῖγυς,
1211 629 1454 682 πρείγιστος,
1476 627 1690 682 πρειγήϊον,

209 687 442 742 πρειγευτής
470 704 510 727 ex
530 687 706 741 πρέσβυς
727 691 883 726 deflexis.
934 690 982 725 De
1004 689 1058 724 his
1081 688 1228 724 Creticis
1251 689 1397 735 copiose
1420 688 1587 723 disseruit
1608 687 1692 722 Val-

211 749 397 784 ckenarius
427 748 471 783 ad
491 747 669 782 Theocriti
688 747 930 782 Adoniazusas
952 757 988 792 p.
1013 746 1105 782 319.
1128 755 1204 790 seq.
1253 747 1298 779 At
1327 745 1415 779 haec
1437 755 1508 779 non
1529 743 1692 778 videntur

212 804 409 850 comparari
442 814 550 850 posse
586 814 667 838 cum
701 803 769 838 isto
806 800 1036 852 προυγελεῖν
1054 800 1109 835 vel
1128 798 1372 849 προυσελεῖν.
1423 799 1525 843 Quod
1546 799 1692 834 verbum

212 860 290 900 etsi,
314 860 394 906 quia
415 859 632 894 rarissimum
649 864 714 899 est,
732 858 841 893 videri
858 862 979 904 potest
994 856 1221 903 peregrinum
1238 867 1330 896 esse,
1348 861 1467 890 tamen
1483 855 1550 890 nisi
1568 859 1694 890 osten-

213 915 316 950 datur
345 920 380 950 ct
411 915 469 961 qui
491 915 711 949 Doriensium
741 911 970 963 προυγελεῖν
998 911 1244 958 usurpaverint
1275 916 1310 946 et
1330 911 1435 946 Attici
1458 910 1638 957 quomodo
1660 910 1695 944 id

212 971 247 1006 in
268 971 378 1006 multo
400 971 510 1016 magis
531 970 726 1005 mirabilem
748 970 895 1004 sormam
916 966 1147 1017 προυσελεῖν
1166 967 1396 1012 mutaverint,
1429 971 1595 1013 suspecta
1627 978 1696 1012 po—

213 1027 282 1061 tius
312 1031 461 1072 utraque
482 1025 613 1066 forma,
646 1037 750 1071 quam
771 1025 881 1060 altera
903 1024 1003 1059 alteri
1024 1023 1255 1069 pracferenda
1278 1028 1338 1057 aut
1359 1023 1526 1057 alterutra
1551 1021 1693 1056 omnino

213 1082 428 1117 admittenda
458 1081 597 1116 censeri
625 1081 743 1116 dehet.
798 1081 976 1115 Invenitur
1003 1080 1071 1114 hoc
1094 1078 1258 1118 verbum,
1283 1079 1379 1125 quod
1400 1078 1505 1113 hodie
1528 1078 1693 1117 sciamus,

214 1137 308 1184 apud
336 1138 422 1172 duas
454 1137 633 1171 dumtaxat
654 1137 818 1183 antiquos
841 1136 1054 1182 scriptores,
1087 1135 1155 1169 hoc
1178 1134 1212 1168 in
1233 1134 1399 1180 Aeschyli
1420 1145 1524 1168 versu
1546 1138 1580 1168 et
1602 1132 1693 1180 apud

213 1193 487 1239 Aristophanem
509 1192 543 1226 in
566 1192 670 1226 Ranis
691 1204 721 1226 V.
748 1194 838 1229 730.
881 1192 930 1226 lhi
953 1191 1039 1225 haec
1064 1190 1241 1235 leguntur,

325 1249 406 1283 τιῦν
424 1246 598 1283 πολιτῶν
618 1242 658 1282 θ’
685 1241 753 1289 οὓς
771 1243 845 1294 μὲν
866 1242 978 1293 ἴσμεν
999 1241 1164 1293 εὐγενεῖς
1184 1241 1248 1279 καὶ
1271 1239 1487 1294 σώφρονας

327 1297 478 1353 ἄνδρας
498 1297 628 1347 ὄντας,
652 1300 715 1337 καὶ
740 1299 930 1346 δικαίους,
953 1297 1016 1335 καὶ
1040 1295 1187 1342 καλούς
1208 1312 1248 1335 τε
1271 1295 1492 1348 κάγαθούς,

325 1356 390 1394 καὶ
412 1354 639 1407 τραφέντας
659 1356 698 1394 ἐν
717 1355 984 1408 παλαίστραις
1005 1353 1068 1391 καὶ
1085 1357 1226 1405 χοροῖς
1246 1353 1309 1390 καὶ
1330 1356 1517 1405 μουσικῇ,

326 1413 607 1464 προσελοῦμεν.

214 1470 369 1505 Tertium
391 1470 607 1516 exemplum,
640 1469 674 1504 in
703 1480 772 1515 quo
795 1474 892 1503 recte
914 1468 1005 1503 idem
1027 1467 1171 1502 verbum
1194 1467 1333 1513 agnovit
1354 1466 1553 1501 Lobeckius
1575 1466 1619 1500 ad
1640 1465 1692 1501 Ai.

215 1538 250 1572 p.
275 1527 366 1561 252.
391 1525 445 1560 ed.
468 1537 521 1571 pr.
551 1526 638 1561 159.
663 1525 718 1560 ed.
741 1525 800 1559 alt.
823 1524 957 1559 Aeliani
987 1528 1041 1558 est
1064 1524 1097 1557 in
1119 1522 1268 1569 epistola
1292 1522 1414 1563 tertia,
1439 1522 1501 1557 sed
1523 1522 1631 1562 illud,
1656 1526 1694 1556 ut

215 1581 363 1621 videtur,
387 1592 427 1615 ex
449 1581 650 1615 Promethei
672 1592 775 1615 versu
796 1585 987 1626 sumptum,
1011 1575 1074 1613 καὶ
1096 1574 1172 1626 γὰρ
1190 1573 1238 1613 ἂν
1251 1573 1412 1619 εἰκότως
1425 1589 1493 1624 μοι
1508 1572 1693 1620 στενάξαι

215 1632 266 1672 τὰ
288 1638 367 1672 τῶν
387 1632 591 1685 προγόνων
610 1631 717 1685 ἠρία,
740 1633 773 1670 εἷ
791 1631 1060 1681 Εὐπειθείδης
1079 1629 1099 1670 ὃ
1120 1629 1410 1682 Κορυδαλλεὺς
1429 1628 1603 1679 ἐμαυτὸν
1623 1644 1693 1667 πε-

217 1687 414 1741 ριόψομαι
435 1687 777 1741 προσηλούμενον,
807 1688 870 1726 καὶ
900 1691 1029 1726 ταῦτα
1051 1684 1309 1738 ἀνδραπόδου
1331 1684 1427 1730 ἴσως
1448 1686 1555 1723 δυεῖν
1574 1689 1695 1734 μναῖν

217 1743 342 1791 ἀξίου.
383 1748 568 1782 Videamus
590 1759 683 1783 nunc
706 1748 748 1782 de
771 1748 958 1794 scriptura.
1001 1748 1114 1792 Atque
1136 1745 1229 1791 apud
1245 1744 1458 1791 Aeschylum
1475 1744 1592 1778 nullus
1607 1743 1697 1778 liber

216 1814 282 1839 nec
303 1799 645 1852 προυσελούμενον
664 1814 729 1838 nec
750 1797 1090 1851 προυχελούμενον
1110 1801 1269 1847 praehet.
1306 1800 1407 1846 Apud
1423 1800 1695 1845 Aristophanem

217 1864 333 1894 autem
356 1858 444 1893 liber
458 1858 638 1893 Ravennas
659 1857 967 1907 προυσελοῦμεν.
1009 1858 1124 1891 Ceteri
1146 1856 1236 1896 libri,
1260 1856 1293 1890 in
1311 1856 1438 1902 quihus
1457 1856 1611 1890 Venetus
1629 1860 1694 1895 est,

216 1926 287 1949 non
309 1914 453 1948 minoris
476 1915 532 1949 illc
555 1926 658 1960 quiam
681 1915 861 1949 Ravennas
885 1913 1126 1953 auctoritatis,
1158 1910 1448 1960 προσελοῦμεν,
1479 1912 1511 1945 in
1544 1910 1695 1951 duobus,

218 1981 307 2016 quos
338 1969 519 2004 Dobracus
556 1970 724 2010 contulit,
762 1970 911 2004 alterum
941 1980 966 2003 ο·
998 1980 1103 2013 supra
1126 1968 1297 2012 seriptum
1319 1972 1385 2001 est.
1438 1967 1549 2001 Etiam
1572 1966 1697 2000 Suidas

217 2023 487 2073 προσελοῦμεν
513 2024 631 2059 hahet.
688 2024 758 2059 Sed
788 2025 882 2070 apud
911 2023 1104 2058 Stohaeum
1127 2022 1241 2056 XLIII.
1266 2023 1330 2058 28.
1363 2021 1421 2056 ubi
1452 2021 1697 2067 Aristophanis

217 2091 339 2115 versus
367 2080 552 2125 leguntur,
585 2080 696 2114 codex
724 2080 763 2114 N.
788 2091 858 2114 non
879 2080 918 2113 A.
944 2090 1049 2124 quem
1071 2077 1212 2112 Grotius
1242 2078 1419 2116 nominat,
1460 2077 1493 2111 in
1516 2088 1585 2123 quo
1608 2076 1697 2111 lihro

219 2146 289 2170 non
306 2135 435 2181 legitur
451 2135 516 2170 iste
534 2135 647 2175 locus,
662 2140 696 2169 ct
714 2135 819 2169 editio
838 2135 1004 2180 princeps
1022 2133 1154 2168 hahent
1170 2131 1475 2181 7¹9⁰²³Y57ff¹271¹ff²⁴
1499 2132 1698 2179 Hesychius

219 2189 458 2239 προυγελεῖν,
478 2186 797 2239 προπηλακίζειν,
817 2185 1003 2238 ὑβρίζειν.
1045 2189 1115 2223 Sed
1139 2188 1230 2223 idem
1254 2188 1357 2223 etiam
1379 2184 1575 2236 προσέλει,
1597 2199 1698 2236 προ-

218 2242 430 2297 πηλακίζει.
471 2246 648 2281 Incertum
671 2252 724 2280 est
741 2247 961 2292 pcrtineatne
978 2245 1046 2279 hue
1064 2244 1159 2291 quod
1178 2244 1271 2290 apud
1288 2244 1438 2278 eundem
1457 2243 1509 2277 sic
1528 2244 1698 2289 scriptum

219 2302 357 2348 legitur,
380 2296 593 2350 προῦσελα,
614 2297 824 2350 προύῐελα,
846 2298 1037 2349 προτελεΐ.
1077 2300 1162 2334 Tum
1184 2299 1217 2333 in
1241 2299 1354 2346 Etym.
1377 2299 1422 2333 M.
1445 2299 1479 2333 in
1501 2311 1531 2333 v.
1554 2294 1700 2346 προσέ-

219 2356 327 2404 ληνοι
349 2369 384 2403 p.
410 2358 500 2397 (590,
530 2358 590 2395 12.
612 2355 868 2406 προυσελλεῖν
889 2352 1042 2403 λέγουσι
1068 2351 1111 2391 τὸ
1133 2350 1320 2403 ὑβρίζειν.
1354 2351 1418 2389 καὶ
1442 2350 1477 2389 οἱ
1493 2350 1698 2403 Ἀρκάδες,

220 2408 350 2460 ἐπειδὴ
381 2409 652 2461 λοιδορητικοί
678 2410 786 2448 εἶσιν.
826 2405 954 2453 οὕτως
981 2408 1020 2446 ἐν
1040 2406 1297 2457 ὑπομνήλιιατι
1320 2406 1584 2459 Προμηθέως
1606 2406 1699 2444 δεσ-

218 2462 367 2513 μιύτου.
408 2468 457 2502 Ex
485 2469 609 2503 eodem
632 2469 728 2503 sonte
750 2469 915 2503 haustum
939 2472 993 2502 est
1014 2467 1176 2502 scholion
1198 2467 1278 2502 cod.
1302 2467 1345 2501 M.
1369 2466 1411 2500 ad
1433 2466 1598 2512 Aeschyli
1618 2476 1700 2500 ver-

220 2534 309 2563 sum,
326 2517 596 2571 ὑβριζόμενον.
627 2518 725 2559 ὅθεν
741 2520 804 2557 καὶ
820 2518 1013 2571 Ἀρκάδες
1027 2518 1274 2570 προσέληνοι.
1295 2515 1483 2571 ὕβρισται
1501 2517 1577 2570 γὰρ
1593 2517 1698 2567 με’μ-

220 2585 293 2624 ψιν
322 2573 551 2625 ἀνθρώπων
578 2575 686 2625 ἔχων.
736 2579 903 2616 Similiter
933 2578 1067 2613 scholia
1098 2577 1245 2612 aliorum
1268 2578 1442 2613 codicum.
1485 2577 1630 2611 'I'zetzes
1652 2575 1697 2609 ad

220 2633 395 2679 Lycophr.
419 2634 510 2669 482.
541 2634 584 2669 de
615 2634 809 2669 Arcadibus
838 2629 862 2680 ἢ
893 2626 954 2668 ὅτι
982 2629 1217 2682 προσέληνοι
1240 2628 1275 2667 οἱ
1294 2628 1482 2682 ὑβρισταὶ
1504 2627 1697 2678 λέγονται.

221 2686 426 2737 προσελεῖν
443 2684 519 2737 γὰρ
540 2684 584 2724 τὸ
604 2685 788 2740 ὑβρίζειν.
830 2689 888 2724 Sic
910 2688 1013 2723 etiam
1036 2693 1202 2735 repetens
1224 2688 1281 2723 illa
1302 2688 1505 2724 Favorinus.
1543 2687 1587 2722 Et
1606 2686 1697 2721 idem
