1878 3115
183 201 264 241 206
743 204 1086 238 ADNOTATIONES

176 307 202 359 ἢ
222 304 493 361 μεταᾳορικὸς
512 303 607 344 A6A7
612 320 665 352 ος.
713 308 844 343 Eadem
867 319 957 354 quae
979 308 1154 349 Zonaras,
1177 307 1310 342 omisso
1331 312 1449 343 tamen
1469 301 1514 356 η’,
1545 308 1651 344 habet

178 367 316 408 Suidas,
339 366 432 430 apud
453 376 557 412 quem
576 363 860 413 μεταφορικῶς
879 375 897 398 3
919 363 1072 398 Kusteio
1094 363 1289 410 repositum
1311 368 1378 398 est.
1419 363 1652 400 Scribendum

179 428 234 457 est
254 416 350 470 εὗαγ
352 416 408 468 ἧς,
431 419 505 455 κα)
509 421 591 462 ιῦς
582 415 862 469 περιηγμένος,
883 413 908 467 ὅ]
929 419 1216 468 μεταφορικῶς
1237 412 1431 461 κυκλικός.
1471 419 1653 455 Termina-

176 479 291 512 tiones
322 477 412 512 enim
435 487 478 518 ος
497 481 533 511 et
554 487 637 518 ικος
657 486 764 522 saepe
784 480 1043 522 permutantur.
1085 474 1132 510 De
1156 474 1379 516 testimonio,
1410 475 1504 521 quod
1527 475 1653 510 Suidas

177 544 218 567 ex
240 533 492 579 epigrammate
512 531 687 578 Antipatri
709 531 842 566 Sidonii
863 531 1001 571 adiecit,
1024 530 1113 566 insra
1133 530 1349 565 videbimus:
1380 535 1435 565 est
1456 530 1548 565 enim
1568 530 1654 566 illud

176 588 218 623 ab
250 588 319 623 hoe
347 586 519 622 vocabulo
547 598 695 633 prorsus
727 587 891 622 alienum.
933 586 981 621 De
1002 586 1080 633 ipso
1102 585 1273 621 vocabulo
1295 586 1367 621 noli
1388 586 1548 621 dubitare
1570 586 1654 633 quin

175 654 257 678 vera
286 643 495 678 tradiderint
515 642 747 689 grammatici.
788 642 827 677 Id
848 642 943 689 quod
965 647 1113 689 apparet
1134 653 1175 677 ex
1195 641 1298 676 simili
1317 635 1519 705 περιαγής.
1559 642 1656 677 Pho-

175 699 245 734 tius
266 710 300 745 p.
325 700 417 739 414,
447 699 506 734 15.
536 709 678 746 περιαγ
681 709 741 742 ες,
771 693 1001 744 ἐπικαμπές.
1050 697 1248 744 Vsurpatur
1274 709 1417 747 περιαγ
1420 691 1466 744 ής
1495 697 1536 732 ab
1559 698 1656 732 Ada-

176 757 308 790 mantio
330 754 520 801 Physiogn.
543 754 584 788 ΙΙ.
605 755 668 789 24.
690 765 726 800 p.
745 755 837 789 413.
861 764 928 801 κεᾳ
940 747 1039 800 a777v
1055 749 1183 800 μέσιν
1202 747 1247 789 τὸ
1265 749 1451 801 μέγεθος,
1473 753 1654 819 περιαγῆ.

176 810 323 857 Etymm
314 810 358 844 M.
379 821 415 856 p.
441 810 530 850 545,
557 809 621 845 27.
643 803 754 858 παρὰ
785 803 831 844 τὸ
862 809 1011 858 κῦςεον,
1041 804 1248 844 τουτέστιν
1274 803 1319 844 τὸ
1348 804 1560 871 περιφερὲς
1588 805 1654 844 καὶ

176 861 369 914 περ(αγέ.ς
410 865 541 900 Eadem
564 865 677 900 schol.
700 864 744 899 ad
764 864 804 899 Il.
826 864 865 899 V.
891 865 983 900 586.
1023 865 1073 899 Ac
1105 875 1149 899 ne
1178 864 1317 899 dubites
1340 864 1423 910 quin
1445 863 1486 899 ab
1509 857 1654 912 ἄγνυμι

179 921 323 956 ductum
353 921 416 961 sit,
454 925 662 966 aigumento
685 925 739 954 est
759 931 889 969 περια
879 931 925 967 ’77
948 919 1203 954 substantivum
1226 919 1320 966 apud
1339 921 1485 954 Aiatum
1506 931 1537 954 v.
1562 920 1654 956 687.

179 976 221 1012 de
242 978 336 1023 Argo
358 975 446 1016 nini,

379 1024 464 1066 0.77.²
486 1023 572 1078 ἤτοι
593 1024 779 1079 Περσευς
797 1025 871 1076 ,ιιὲι
892 1022 1020 1079 (ι’τερ
1011 1023 1152 1078 ουιός
1171 1039 1211 1065 τε
1232 1023 1359 1072 ποδός
1379 1041 1419 1065 τε

379 1083 580 1134 ὁεξιτεροῦ
601 1080 749 1131 δύεται,
770 1097 839 1146 πρ.
840 1079 954 1133 ἰμνης
964 1062 1007 1120 δ’
1030 1078 1126 1121 ὅσον
1146 1082 1185 1128 ἐς
1204 1096 1407 1134 περιαγην,

178 1142 273 1189 quod
294 1142 504 1177 scholiastes
525 1141 780 1188 interpretatm
800 1135 896 1176 ὅσον
915 1138 970 1183 εἷς
992 1135 1063 1188 τὴν
1082 1138 1219 1190 71591'A7
1225 1152 1315 1177 ασιν
1331 1137 1394 1175 καὶ
1411 1135 1573 1188 καμπὴν
1588 1141 1657 1188 τῆς

175 1191 370 1246 πρύμνης.
412 1197 472 1231 1113
502 1208 584 1231 vero
614 1197 870 1242 significatione
901 1197 967 1231 etsi
995 1196 1103 1231 videri
1122 1196 1238 1243 possit
1259 1190 1401 1244 εὐαγής
1421 1196 1553 1232 dictum
1576 1207 1656 1232 esse

177 1253 219 1288 ab
242 1253 395 1288 Leonida
416 1252 604 1287 Tarentino
627 1253 738 1298 epigr.
759 1253 823 1289 28.
846 1252 880 1286 in
900 1252 1000 1287 Anal.
1018 1252 1182 1287 Brunckii
1203 1257 1228 1287 t.
1246 1252 1272 1287 Ι.
1293 1263 1329 1298 p.
1347 1252 1439 1288 227.
1463 1252 1533 1287 sive
1549 1253 1655 1288 Anth.

177 1309 326 1344 1’31.1Ἰ.
350 1309 442 1344 204.

380 1357 545 1413 Θῆρις
527 1375 546 1398 ο
570 1355 741 1397 ὁαιὸαὶ’
710 1374 826 1427 οχειρ
848 1363 900 1414 τιιῖ
920 1356 1112 1398 Παλλάδι
1134 1374 1266 1410 πηχυν
1285 1355 1466 1411 ἄκαμπη,

446 1415 509 1453 καὶ
533 1429 650 1454 τετιΙι
652 1430 696 1453 ον
715 1431 736 1453 ι
739 1430 828 1481 (οτῳ
850 1401 1132 1465 καμπτόμειον
1151 1415 1270 1467 πρίιοι
1273 1430 1311 1463 α,

378 1470 442 1509 καὶ
464 1470 641 1517 πέλεκυν,
659 1467 837 1523 ρυκαιαν
856 1467 888 1509 τ’
911 1467 953 1508 εὖ
957 1470 1065 1522 aye'a,
1088 1486 1152 1508 και
1174 1469 1358 1523 περιαγὲς

443 1523 658 1577 τρύπαιοι,
681 1525 724 1564 ἐκ
744 1525 883 1575 τέχνας
903 1522 1085 1565 ἄνθετο
1075 1524 1345 1576 παυσάμενος,

181 1590 219 1619 ut
239 1584 386 1619 runcina
407 1585 623 1631 intelligatur
644 1584 686 1619 ah
709 1585 886 1619 anteriore
908 1590 1008 1631 parte
1031 1590 1192 1625 curvata,
1216 1590 1334 1619 tamen
1355 1595 1426 1618 non
1447 1590 1568 1630 potest
1589 1584 1657 1619 du·-

177 1639 280 1675 hitari
301 1640 382 1686 quin
406 1640 597 1675 Meinekius
618 1640 652 1674 in
674 1640 747 1675 Del.
769 1645 866 1686 poet.
883 1641 988 1675 Anth.
1012 1640 1069 1675 Gr.
1092 1652 1127 1687 p.
1147 1642 1210 1676 31.
1232 1645 1330 1675 recte
1350 1639 1475 1674 viderit
1495 1639 1658 1675 seriben-

179 1695 260 1730 dum
283 1706 362 1730 esse
384 1706 540 1730 ευακεα.
582 1695 651 1730 Sed
673 1707 758 1730 usus
779 1695 916 1731 videtur
936 1696 1005 1731 hoe
1027 1696 1168 1731 nomine
1191 1695 1416 1730 Parmenides
1437 1707 1468 1730 v.
1497 1697 1585 1732 133.

380 1745 466 1799 εἴση
490 1745 523 1785 δ’
547 1748 734 1799 αι’θεριήν
754 1762 793 1786 τε
815 1745 948 1813 φύσιν,
971 1764 1021 1787 τα
1043 1764 1063 1786 T
1096 1748 1137 1786 ἐν
1157 1747 1292 1800 αἰθέρι
1314 1744 1447 1786 πάντα

377 1817 552 1852 σιμιατιι,
574 1818 639 1840 και
661 1805 849 1854 καθαρης
869 1799 1029 1854 cvayae'og
1048 1800 1194 1854 7,έ)ιοιο

378 1855 622 1907 λαμπάδος
610 1855 688 1910 εργ)
711 1855 872 1909 α”.ΐὸηὶα,

178 1922 227 1955 ut,
251 1917 279 1951 si
300 1917 369 1952 hoe
390 1917 437 1951 ita
460 1917 523 1957 sit,
548 1917 651 1952 etiam
674 1917 907 1963 Empedocles
929 1910 1026 1964 (Ξγέα
1048 1911 1193 1952 κύκλον
1212 1917 1404 1952 rotundum
1427 1917 1511 1952 solis
1533 1916 1656 1952 orbem

179 1972 391 2006 intellexisse
412 1972 581 2006 videatur.
624 1972 842 2018 Quamquam
863 1973 932 2007 hoc
954 1974 1128 2007 incertum
1150 1977 1216 2007 est.
1253 1972 1341 2007 Illud
1358 1983 1441 2007 vero
1455 1972 1554 2007 valde
1570 1983 1658 2019 pro-

178 2026 294 2061 babile
316 2032 381 2067 est,
404 2037 534 2061 nomen
556 2020 747 2074 εὖάγιῑτος
767 2027 808 2061 31)
831 2020 975 2074 ἄγνυμι
998 2027 1130 2062 dictum
1152 2037 1231 2062 esse
1249 2029 1509 2073 etfleoeuosum,
1532 2030 1657 2064 sinuo-

179 2094 256 2117 sum
276 2087 413 2117 notare.
454 2081 709 2128 Aristophanes
730 2081 820 2116 Nub.
845 2082 936 2118 274.

379 2130 511 2172 ἀέναοι
534 2135 591 2171 Ne
577 2132 669 2185 apg)
674 2149 726 2181 αι,

378 2186 574 2255 αρθιῦιιεν
594 2203 763 2242 ([ανεραι
787 2186 987 2242 δροσερὰν
1007 2185 1130 2242 φύσιι

379 2241 582 2296 εὗάῃητον.

178 2303 344 2338 Abutitur
371 2304 511 2350 ingenio
535 2314 598 2338 suo
621 2303 799 2338 Bentleius
824 2303 858 2338 in
876 2303 997 2338 Museo
1020 2303 1098 2338 mit.
1122 2302 1287 2338 Cantabi.
1310 2303 1352 2338 11.
1374 2314 1409 2350 p.
1432 2304 1526 2339 435.
1568 2303 1656 2338 Male

178 2359 457 2404 interpretantur
479 2358 623 2400 Suidas,
647 2359 801 2394 Zonaras
823 2370 858 2405 p
878 2360 971 2395 905.
994 2359 1197 2400 Favorinus,
1221 2352 1427 2407 εὐάγητον,
1450 2352 1655 2408 καθαράν,

180 2407 382 2461 Ιαμπραν.
415 2407 757 2463 Ἀριστοᾳαιης,
768 2408 968 2478 ὁροσεραν
987 2408 1184 2462 εὐάγητον
1204 2408 1347 2478 ςιύσιν,
1387 2419 1422 2449 et
1443 2414 1656 2449 scholiastae

178 2469 385 2515 πανταχοῦ
402 2466 617 2533 ([ερομέι
598 2482 664 2515 νν,
699 2466 723 2518 ἢ
758 2463 960 2518 λἀμπράι.
998 2463 1078 2504 πάι
1083 2483 1128 2520 τη
1157 2463 1397 2520 φερόμενον·
1433 2463 1656 2517 εὐκίνητον·

179 2524 336 2559 τοιοῦτο
365 2536 441 2587 γαρ
470 2519 516 2561 τὸ
544 2517 669 2574 υὸιορ.
723 2525 929 2560 Eustathius
958 2525 993 2560 in
1015 2526 1146 2572 Opusc.
1170 2537 1205 2572 p.
1233 2526 1322 2561 142.
1348 2536 1379 2560 a.
1404 2526 1440 2561 9.
1463 2518 1658 2588 εὐάγητον

181 2579 348 2613 intellexit
368 2574 514 2628 ευαγές,
535 2587 709 2622 sanctum,
731 2586 766 2616 et
787 2581 912 2616 eodem
934 2581 1132 2627 si‘tnificatu
1153 2593 1188 2627 p.
1218 2582 1305 2617 144.
1327 2591 1358 2616 3.
1387 2582 1419 2616 1.
1442 2573 1657 2628 ευαγέστα-

180 2645 250 2668 τον
270 2645 409 2680 ονομα.

290 2688 388 2724 Nune
418 2695 638 2725 tianseamus
659 2690 702 2725 ad
724 2684 866 2739 εὐαγής
885 2691 928 2726 ab
951 2684 1034 2740 ἄγω
1057 2694 1147 2727 (luco
1169 2691 1375 2726 derivatum.
1418 2689 1527 2732 Quale
1549 2700 1656 2723 voca-
