1878 3115
586 220 643 252 AD
669 218 976 253 PROMETHEVM
1000 216 1211 251 VINCTVM.
1585 209 1635 246 75

274 323 403 360 ταῦτα
430 317 543 358 πάντ’
568 323 663 369 Lips.
691 325 724 359 1.
841 316 1062 368 {mazdmsv
1082 322 1121 357 G.
1145 326 1180 356 et
1201 325 1281 355 ante
1303 330 1397 355 corr.
1419 319 1513 365 Lips.
1544 320 1574 354 l.
1599 319 1635 354 2.

275 380 367 416 268.
410 374 455 413 οὐ
478 374 726 427 καρνήσομαι
749 377 792 413 Μ.
834 373 906 413 οὐκ
927 371 1125 425 ἀνήσομαι
1146 376 1242 423 Lips.
1270 377 1303 412 1.

276 436 368 471 269.
410 433 562 481 θνητοΐ
577 434 670 480 Lips.
695 435 731 470 2.

275 486 315 525 ὁ)
341 490 508 525 omittunt
529 490 572 523 M.
596 489 683 523 Rob.
731 491 780 523 Ae
811 488 939 523 delevit
964 487 1130 522 Elmsleio
1161 486 1355 522 obsecutus
1384 484 1636 520 Blomfieldius.

162 548 205 582 At
226 547 282 581 hie
304 557 426 580 versus
447 556 517 579 non
540 550 594 579 est
615 544 800 590 explicatio
822 543 1082 589 praecedentis.

273 596 455 649 ηὑρόμην
475 600 574 634 Cant.
599 600 634 634 2.
676 594 855 647 εὑροίμην
875 598 914 632 G.

275 658 367 692 270.
409 655 483 689 Hoc
513 665 617 688 versu
637 654 759 700 incipit
780 653 892 688 codex
913 651 1198 698 Vitebergeusis,
1228 652 1262 686 in
1285 663 1354 698 quo
1378 663 1467 698 quae
1488 661 1640 698 praece—

163 713 248 747 dunt
268 711 462 757 perierunt.

274 761 318 800 οὗ
348 760 428 812 μήν
457 776 492 800 τι
516 764 559 799 Μ.
582 763 670 799 Roh.
713 757 759 798 οὗ
789 758 871 811 μήν
896 773 956 798 τοι
989 762 1073 805 (τοΐ
1087 763 1194 809 Aug.)
1218 763 1256 797 G.
1280 762 1346 797 Vit.
1370 762 1466 809 Lips.
1491 762 1526 797 2.
1549 763 1638 807 Aug.

162 816 207 857 οὗ
226 817 307 869 μήν
326 832 366 869 γε
387 821 481 866 Lips.
510 822 542 855 1.

272 871 304 925 γ’
329 877 496 911 omittunt
516 875 610 921 Lips.
640 876 672 910 1.
725 875 843 920 .Aug.
867 874 994 920 aliique
1017 878 1052 908 et
1074 873 1154 908 edd.
1177 878 1257 908 ante
1280 873 1369 908 Viet.

273 927 456 967 τοιαῖσὸέ
472 942 531 966 τοι
554 931 639 965 Υ.οιι
666 931 700 966 3.
696 875 910 964 2Elmsleius
933 929 1038 964 sciibi
1060 928 1200 964 volebat
1221 925 1425 963 τοιαισιὸε.

276 988 368 1023 271.
418 984 747 1032 κατισχανεΐσθαι
778 987 816 1020 G.
847 985 943 1031 Lips.
972 987 1003 1020 1.
1029 985 1064 1020 2.
1087 986 1176 1031 Aug.
1208 984 1293 1019 Ven.
1319 986 1354 1021 3.
1387 989 1422 1018 et
1453 983 1532 1018 edd.
1555 988 1638 1018 vett.

163 1043 258 1090 quod
279 1043 458 1077 Porsonus
481 1042 523 1077 ad
546 1042 627 1076 Eur.
652 1042 710 1075 Or.
735 1042 826 1077 292.
857 1040 900 1075 ab
922 1040 1046 1075 Atticis
1069 1040 1239 1075 suavioris
1262 1040 1339 1075 soni
1362 1051 1487 1075 caussa
1508 1038 1642 1085 proba—

162 1105 235 1134 tum
258 1098 447 1133 iudicabat.
489 1097 527 1132 ld
549 1097 731 1143 analogiae
753 1107 953 1142 repugnare
975 1096 1059 1130 vidit
1079 1095 1331 1131 Blomfieldius.
1374 1095 1482 1130 Recte
1505 1095 1548 1129 M.
1572 1095 1639 1129 Vit.

162 1155 239 1189 Par.
263 1154 301 1188 D.
325 1151 689 1199 κατισχνανεῖσθαι,
713 1152 891 1198 ediditque
913 1152 960 1187 ita
982 1152 1057 1198 ipse
1074 1152 1265 1186 Porsonus.
1307 1151 1422 1186 Vtitur
1442 1151 1511 1186 hoe
1532 1150 1640 1185 verbo

161 1210 357 1256 Aeschylus
386 1209 490 1243 etiam
520 1208 608 1242 infra
632 1209 723 1244 382.
754 1208 854 1242 Eum.
884 1209 971 1243 142.
996 1208 1087 1243 264.
1112 1213 1147 1242 et
1176 1207 1209 1241 in
1232 1208 1393 1253 Lycurgo
1415 1207 1508 1253 apud
1528 1206 1641 1240 Athe—

162 1276 287 1300 naeum
310 1265 349 1299 Χ.
373 1276 408 1311 p.
432 1266 524 1300 447.
550 1264 586 1298 C.
616 1268 788 1309 reeteque
820 1263 1058 1297 Blomfieldius
1088 1263 1122 1297 in
1145 1262 1348 1297 Callimachi
1377 1262 1489 1308 epigr.
1513 1263 1584 1302 ι18,·
1604 1263 1639 1297 3.

162 1321 324 1367 reposuit
346 1315 386 1354 αἶ
408 1318 577 1355 ΖΙΙοῦσαι
600 1313 841 1367 τόν”Ερίυῖα
862 1314 1197 1365 κατισχναίνοντι,
1224 1314 1408 1353 Φίλιππε.
1450 1318 1487 1352 In
1510 1317 1549 1352 G.
1572 1317 1642 1351 vir—

162 1377 242 1423 gula
265 1377 529 1422 iuterpunetum
551 1380 634 1421 post
655 1372 998 1420 κατισχανεῖσθαι,
1021 1378 1059 1409 ut
1079 1369 1179 1423 πρὸς
1198 1369 1361 1423 πέτραις
1382 1384 1642 1423 eungsoqueu-

163 1432 256 1467 tibus
278 1432 455 1477 iungatur.

274 1482 510 1535 πεδαρσίαις
529 1485 606 1520 Ριιι·.
629 1484 668 1520 D.
691 1490 727 1520 et
745 1485 795 1519 sie
816 1485 914 1531 prius
935 1485 970 1519 in
991 1484 1035 1519 M.
1059 1484 1230 1530 seriptum
1252 1484 1360 1519 fuisse
1378 1484 1527 1519 videtur.

276 1543 368 1579 273.
412 1542 511 1577 Cant.
540 1543 572 1577 1.
604 1537 668 1575 καὶ
702 1536 794 1587 μὴν,
830 1540 1074 1587 superscripto
1105 1551 1152 1574 οι.
1211 1540 1328 1575 Ceteri
1357 1540 1436 1574 libri
1465 1535 1535 1574 καί
1558 1550 1640 1586 μοι,

161 1603 305 1645 praeter
339 1597 427 1632 Rob.
463 1602 498 1632 et
526 1597 720 1643 marginem
749 1595 821 1630 MS.
851 1596 945 1644 apud
966 1596 1182 1638 Morellium,
1219 1595 1402 1642 inquibus
1425 1601 1480 1631 est
1500 1591 1641 1639 καίτοι,

163 1653 258 1701 quod
278 1658 376 1688 reete
396 1653 534 1699 recepit
553 1652 803 1687 Blomfieldius.

272 1704 498 1757 μηδύρεσθ)
522 1708 566 1743 M.
614 1703 671 1755 μὴ
689 1702 866 1757 νδύρεσθ’
890 1709 979 1754 Aug.
1031 1703 1088 1755 μὴ
1115 1702 1299 1757 ’δύρεσθ’
1323 1707 1391 1742 Vit.
1422 1707 1517 1753 Lips.
1547 1708 1578 1742 1.
1603 1707 1639 1742 2.

163 1764 242 1800 edd.
264 1769 348 1799 vett.
388 1760 444 1811 μὴ
465 1759 654 1812 ὀδύρεσθ)
680 1764 718 1798 G.

277 1821 368 1856 274.
410 1816 521 1854 πέδοι
543 1819 586 1854 M.
621 1830 639 1853 a
669 1830 774 1853 manu
806 1818 961 1853 secunda
977 1845 985 1859 ,
1023 1830 1041 1853 a
1062 1818 1174 1864 prima
1195 1814 1452 1853 ned'ofhabuit
1471 1823 1511 1852 nt
1533 1817 1642 1853 ceteri

163 1875 241 1910 libli
264 1881 299 1910 et
320 1875 526 1909 Eustathius
548 1886 582 1920 p.
613 1876 699 1914 153,
725 1876 788 1910 34.
840 1873 942 1916 (mod
972 1874 1121 1937 Ioannes
1143 1874 1397 1908 Alexandiinus
1418 1874 1453 1908 in
1474 1874 1644 1915 τοιικοΐς

163 1927 467 1980 ἼαραΗι-ὶιιασι
489 1942 524 1976 p.
550 1931 613 1970 36,
641 1932 674 1965 7.
697 1929 891 1975 p1aeeipit,
915 1924 965 1963 τὰ
988 1925 1031 1964 δὲ
1053 1924 1131 1964 απὸ
1151 1925 1390 1977 βαρυτόιων
1409 1924 1641 1978 βαούιεται,

162 1981 238 2029 ἔξω
261 1982 356 2030 ἕξοι,
378 1982 499 2021 πέδον
518 1981 651 2020 πέδοι·
682 1981 819 2020 “ne‘doz
842 1980 885 2019 de*
903 1983 1054 2030 βᾶσ”αι
1077 1981 1239 2031 Αἶσχύ)
1243 1996 1286 2027 ος
1305 1982 1535 2033 Προμηθεῖ
1551 1981 1642 2019 deo-

162 2037 297 2091 μώτῃ,
329 2047 409 2076 ante
440 2053 544 2088 quam
572 2041 629 2076 hie
659 2041 797 2076 libellus
828 2040 943 2075 editus
973 2045 1027 2076 est
1048 2046 1171 2076 notum
1194 2046 1269 2076 elat
1291 2052 1331 2076 ex
1352 2041 1465 2076 schol.
1489 2040 1643 2087 Dionysii

163 2097 307 2133 Thracis
328 2098 363 2131 in
384 2097 534 2132 Bekkeri
554 2097 686 2132 Aneed.
710 2109 744 2143 p.
769 2097 862 2133 945.

275 2153 342 2188 Pro
364 2149 487 2200 τύχας
508 2153 611 2187 etiam
631 2148 794 2199 βλάβας
814 2152 884 2198 legi
907 2152 954 2186 ait
976 2152 1200 2187 scholiastes.

278 2210 370 2245 275.
412 2204 610 2243 ἀκούσατε
634 2209 672 2243 G.
715 2203 938 2242 &zoi-om&
962 2208 1057 2253 Lips.
1083 2209 1118 2243 2.
1233 2203 1408 2253 μάθοιτε
1430 2207 1496 2242 vit.
1517 2213 1551 2242 et
1572 2207 1640 2241 alii.

276 2263 325 2299 Ne
347 2265 451 2299 huius
472 2264 638 2310 promissi
660 2263 817 2298 oblivisci
839 2263 997 2297 videatur
1017 2263 1263 2304 Prometheus,
1289 2264 1347 2309 qui
1369 2275 1398 2297 v,
1425 2263 1515 2298 524.
1539 2274 1640 2309 seqq.

166 2329 203 2353 se
225 2319 342 2353 sutura
364 2320 479 2354 celare
502 2320 669 2360 affirmat,
702 2319 894 2353 tenendum
916 2323 971 2352 est
993 2329 1073 2352 eum
1094 2318 1150 2352 illa
1172 2318 1206 2352 in
1227 2324 1346 2353 mente
1368 2317 1520 2359 habere,
1552 2330 1641 2364 quae

165 2374 207 2408 de
228 2373 418 2408 liberatore
441 2386 504 2408 suo
528 2374 686 2408 dicturus
709 2379 775 2408 est.

280 2430 371 2465 276.
412 2425 637 2464 πείθεσθαί
652 2440 734 2474 μοι,
757 2424 951 2463 πίθεσθε
970 2428 1008 2463 G.
1049 2424 1249 2463 πείθεσθέ
1264 2439 1346 2474 μοι,
1364 2424 1641 2475 πείθεσθ’έμοι

167 2484 232 2519 Υἰι.
256 2489 291 2519 et
312 2484 367 2519 alii
388 2484 503 2530 pauci.
545 2484 731 2518 Elmsleius
754 2484 827 2518 sine
851 2495 977 2519 caussa
997 2480 1171 2518 πίθεσθε
1187 2495 1269 2530 μοι,
1287 2481 1461 2519 nsaw&
1481 2484 1644 2519 seriben-

166 2540 247 2574 dum
269 2539 429 2586 putabat.
472 2540 509 2574 Υ.
533 2540 575 2574 ad
598 2539 708 2586 Soph.
732 2539 782 2574 El.
813 2540 928 2576 1003.

278 2596 370 2632 277.
412 2591 601 2630 ταυτάτοι
624 2595 667 2629 M.
690 2594 808 2629 addito
830 2595 963 2642 primae
986 2594 1139 2641 syllabae
1156 2606 1174 2629 ιι
1192 2605 1264 2630 see.
1281 2606 1387 2629 mauu
1402 2595 1639 2631 circumflexo.

165 2646 294 2686 ταῦτά
315 2662 375 2686 τοι
397 2651 462 2685 Vit.
485 2651 629 2697 Lips.1·.
644 2652 679 2686 2.
702 2652 789 2697 Aug.
814 2651 940 2697 aliique
964 2650 1106 2686 codices
1129 2656 1164 2685 et
1185 2650 1289 2685 Turn.
1331 2647 1461 2686 ταυτά
1481 2648 1639 2701 τυιζΛίιί.

165 2707 252 2742 Rob.
277 2707 364 2742 Vici.
416 2707 544 2742 ταῦτα
571 2717 639 2753 μοι
662 2707 700 2741 G.
752 2702 881 2742 ταυτά
908 2718 976 2753 μοι
1008 2711 1176 2752 quattuor
1198 2706 1502 2742 vindobonenses.
1547 2707 1641 2742 Vnus
