1878 3115
210 175 291 212 422
775 175 1121 209 ADNOTATIONES

196 284 248 327 vin
270 281 580 318 Observationibus
610 281 645 315 in
674 284 812 315 veteres
842 285 1008 315 auctores
1037 291 1073 326 p.
1094 279 1157 316 33.
1185 283 1225 313 ut
1252 274 1440 325 ποιμένος
1469 280 1594 315 κακοῦ
1623 292 1687 327 per

214 339 473 385 appositionem
495 337 538 371 ad
558 336 674 385 τυᾳιῦ
689 335 903 377 referretur3
926 335 961 370 id
976 335 1072 381 quod
1087 339 1248 369 suaserat
1264 334 1498 377 Heinrichius,
1522 336 1687 382 quoniam

214 395 249 429 in
271 393 394 440 Suppl.
416 405 446 427 v.
467 394 557 429 737.
587 391 767 438 procellae
798 391 904 426 ναῶν
930 386 1113 437 ποιμένες
1140 390 1355 425 dicerentur.
1408 393 1452 426 At
1482 391 1687 438 Supplieum

214 460 352 484 versum
383 447 619 495 negligentius
645 447 814 493 inspexit,
849 447 885 482 in
912 458 982 493 quo
1014 446 1056 481 de
1077 445 1375 492 gubernatoribus
1403 446 1540 481 navium
1570 458 1687 482 sermo

217 510 283 539 est.
324 504 449 550 Aptius
471 503 677 543 afferretur,
710 502 804 549 quod
826 502 919 549 apud
939 502 1210 549 Lycophronem
1231 513 1261 536 v,
1286 502 1402 538 1018.
1425 502 1493 537 duo
1516 502 1689 548 antiquis—

215 560 291 594 simi
314 559 456 594 codices
478 558 669 605 praebent,
700 557 826 606 βαρεῖ
839 559 1038 607 πρηστῆρι
1059 553 1283 604 ποιμαίνων
1303 549 1393 592 ἅλα.
1449 557 1520 592 Sed
1539 557 1587 592 ibi
1609 568 1688 592 cum

215 615 344 650 ceteris
365 615 462 649 libris
483 620 581 649 recte
602 614 739 649 videtur
759 614 1004 648 Bachmannus
1025 609 1231 660 κυμαίνων
1246 612 1411 648 edidisse.
1440 613 1585 648 Assensi
1607 617 1690 647 sunt

216 670 383 705 Sclu‘itzio
420 670 658 705 Blomlleldius
687 675 723 705 et
750 670 993 710 Wellauerus,
1029 669 1156 716 quibus
1192 668 1402 704 contradixit
1435 668 1688 704 BoissonaduS.

216 726 379 761 Sensisse
409 737 489 761 eum
518 725 624 761 credo
646 725 722 760 tolli
744 725 1002 772 appositionem
1033 724 1250 759 substantivo
1272 724 1316 759 ad
1336 735 1465 759 nomen
1487 724 1688 770 appositum

215 782 367 816 adiecto.
418 781 505 816 Nam
525 781 717 828 perdurum
740 786 836 816 esset
862 781 979 829 τυᾳιῦ
1007 775 1170 830 στρόβῳ
1191 779 1299 826 iungi.
1356 780 1425 814 Sed
1447 780 1489 814 de
1510 779 1689 826 guberna-

215 836 352 872 toribus
373 848 444 872 non
467 842 521 872 est
542 837 788 883 cogitandum,
826 847 976 882 quorum
997 836 1031 870 in
1052 841 1149 870 tanta
1170 840 1384 881 tempestate
1414 835 1442 869 si
1464 835 1567 881 culpa
1589 846 1690 870 com-

214 897 490 933 memoraretur,
522 892 742 926 minueretur
768 891 973 937 magnitudo
996 896 1031 925 et
1051 890 1219 925 atrocitas
1240 890 1401 936 periculi.
1462 890 1612 925 Omnino
1632 890 1690 925 hie

213 948 371 994 procella
392 940 541 994 ποιμήν
560 947 778 993 appellatur:
811 946 875 980 sed
897 946 955 992 qui
977 946 1010 980 id
1027 945 1210 986 viderunt,
1241 956 1313 980 non
1340 950 1600 992 perspexerunt
1621 957 1689 992 qua

216 1003 418 1038 conditione
440 1002 654 1048 appositioni
675 1002 775 1036 locus
798 1006 906 1036 esset.
946 1000 1179 1037 Scribendum
1202 1006 1278 1035 erat
1298 995 1590 1049 κακοσῑρόβου.
1618 1001 1690 1036 Nec

214 1058 384 1093 librorum
406 1058 581 1104 scriptura
602 1057 693 1091 aliud
717 1068 821 1103 quam
843 1057 912 1092 hoc
932 1057 1048 1103 ipsum
1071 1067 1150 1092 esse
1172 1056 1327 1091 videtur:
1350 1063 1467 1091 natam
1490 1057 1581 1092 enim
1602 1062 1690 1103 puto

214 1113 437 1148 librariorum
459 1124 599 1154 errore,
633 1124 740 1159 quum
762 1113 805 1147 ad
826 1106 1092 1163 κακοστρόβῳ
1112 1123 1230 1147 veram
1260 1112 1472 1158 scripturam
1494 1124 1540 1147 ov
1563 1123 1691 1159 super-

215 1169 383 1215 scriptam
404 1169 576 1209 videntes,
600 1168 650 1203 uti
672 1179 712 1203 ea
734 1168 972 1203 nesciverunt.

329 1226 420 1261 637.
453 1224 615 1271 Scriptor
645 1224 687 1259 de
716 1223 956 1264 barbarismo,
989 1234 1093 1270 quem
1114 1223 1364 1259 Valckenarius
1395 1234 1475 1258 cum
1504 1223 1690 1258 Ammonio

215 1280 333 1320 edidit,
356 1291 392 1326 p.
409 1281 497 1316 197.
520 1280 615 1315 huno
635 1291 775 1314 versum
797 1285 835 1315 ut
857 1279 1054 1325 exemplum
1077 1273 1342 1327 ἀκυρολογιάς
1362 1279 1475 1314 affert.
1512 1278 1690 1325 Scriptum

213 1335 261 1370 ibi
283 1341 358 1370 erat
378 1330 541 1383 Αἴγεον.
576 1335 866 1370 Hemsterhusius
888 1335 930 1369 ad
951 1335 1095 1370 Luciani
1114 1335 1295 1381 Nigrinum
1318 1346 1348 1370 c.
1372 1336 1432 1370 16.
1455 1346 1489 1381 p.
1508 1335 1570 1370 55.
1593 1345 1691 1369 mor-

214 1395 356 1425 tuorum
386 1402 512 1426 cruore
542 1390 673 1426 rubens
703 1402 800 1426 mare
829 1391 883 1426 vel
905 1402 1072 1437 spumans
1102 1390 1169 1426 dici
1190 1390 1356 1437 putabat:
1388 1401 1467 1425 cum
1489 1401 1558 1436 qua
1578 1390 1691 1425 inter-

212 1447 413 1492 pretatione
436 1446 588 1481 conserri
609 1452 730 1492 potest
750 1447 906 1492 Bergleri
928 1446 1108 1481 adnotatio
1131 1446 1172 1481 ad
1194 1446 1351 1493 Alciplir.
1373 1446 1398 1480 l.
1427 1448 1459 1481 1.
1508 1445 1600 1480 Nihil
1619 1451 1690 1480 tam

214 1502 414 1536 artificiosis
445 1502 654 1536 commentis
683 1502 893 1546 indigemus,
943 1502 1086 1537 Florere
1118 1501 1246 1536 dicitur
1275 1502 1370 1548 quod
1400 1501 1555 1536 abundat
1575 1501 1691 1548 aliqua

216 1567 266 1593 re.
307 1558 345 1592 In
366 1558 496 1604 hymno
518 1557 706 1593 Homerico
727 1558 762 1592 in
782 1558 897 1604 Apoll.
920 1570 950 1592 v.
974 1559 1061 1593 135.
1090 1558 1178 1593 139.

812 1613 955 1663 χρυσῷ
979 1606 1019 1647 δ’
1043 1605 1123 1661 ἄρα
1143 1608 1283 1658 Δῆλος
1303 1604 1442 1647 ἅπασα

412 1660 574 1714 ’ἤι’θησ),
598 1662 652 1709 (ὃς
672 1659 735 1703 ὅτε
758 1679 798 1703 τε
819 1662 905 1716 ῥίον
925 1662 1064 1716 οὔρεος
1085 1661 1235 1702 ἀνθέον
1253 1659 1343 1716 ὕλῃ.

214 1722 359 1768 Legitur
380 1722 425 1757 ibi
448 1717 618 1757 ἄνθεσιν
636 1715 745 1769 ὕλης,
769 1723 864 1769 quod
885 1723 1084 1758 Lobeckius
1107 1734 1214 1769 quum
1237 1722 1280 1757 ad
1301 1723 1430 1768 Phryn.
1453 1734 1483 1756 ν.
1501 1723 1593 1759 283.
1611 1733 1689 1769 seq.

215 1772 361 1812 ι’ίνθεεν
379 1770 455 1827 ὕλῃ
477 1777 584 1812 scribi
605 1778 726 1818 iussit,
763 1783 897 1813 tantum
918 1790 989 1813 non
1010 1779 1151 1825 penitus
1174 1778 1385 1826 persanavit.
1434 1778 1517 1813 Vide
1540 1778 1690 1813 eundem

214 1833 256 1868 ad
278 1834 419 1868 Aiacem
441 1845 476 1880 p.
497 1834 588 1869 332.

330 1890 421 1925 638.
453 1889 546 1923 Libri
568 1888 764 1923 ναυτικῶν
783 1883 815 1923 τ’
838 1884 1035 1936 ἐρειπίων,
1065 1889 1130 1923 nisi
1162 1889 1256 1935 quod
1278 1889 1370 1924 Flor.
1393 1889 1496 1924 Farn.
1519 1884 1690 1934 ἐριπίων.

216 1944 393 1978 Genitivos
416 1944 481 1978 hos
504 1955 583 1978 cum
604 1943 711 1978 verbo
735 1937 890 1977 ἀνθ-οὗν
921 1949 1148 1978 constructos
1180 1953 1258 1979 esse
1279 1949 1448 1990 putarunt
1469 1944 1634 1979 Matthiae
1655 1943 1689 1978 in

214 1999 312 2033 Misc.
336 1998 458 2044 philol.
481 1999 548 2032 vol.
568 1999 609 2032 II.
632 2010 666 2044 p.
687 2000 722 2033 6.
746 2003 781 2032 et
802 1998 999 2033 Lobockius
1029 1998 1071 2032 ad
1091 1999 1143 2032 Ai.
1165 2011 1199 2045 p.
1221 2001 1312 2035 332.
1362 1999 1459 2034 Ferri
1488 1999 1522 2033 id
1551 2004 1686 2045 posset,

215 2054 281 2088 nisi
301 2064 552 2099 praegressum
576 2058 671 2087 esset
693 2047 853 2101 ἀνδρῶν
864 2047 1048 2098 Ἀχαιῶν,
1072 2054 1165 2099 quod
1187 2054 1344 2099 postulat
1364 2059 1402 2088 ut
1423 2054 1523 2089 alteri
1545 2065 1688 2100 quoque

215 2109 356 2155 genitivi
378 2109 421 2143 ad
442 2110 594 2157 νεκροῖς
614 2108 825 2143 reserantur.
888 2108 1003 2150 Quare
1032 2119 1152 2143 verum
1182 2114 1236 2143 est
1265 2109 1359 2155 quod
1381 2114 1460 2144 ante
1483 2109 1688 2144 Schutzium

215 2166 346 2199 Aurato
369 2164 402 2198 in
425 2169 579 2201 mentem
600 2168 755 2203 venerat,
780 2165 978 2205 ναυτικοῖς
998 2157 1030 2199 τ’
1054 2160 1248 2211 ἐρειπίοις.

329 2220 420 2256 639.
453 2222 604 2254 Auratus
626 2225 662 2254 et
683 2219 913 2254 Casaubonus
935 2213 1031 2260 νεώς
1050 2213 1096 2254 τ’.
1131 2219 1196 2254 Alii
1217 2220 1314 2254 νεῶν
1334 2212 1379 2254 τ’.
1419 2219 1520 2262 Quod
1541 2219 1584 2255 ad
1606 2231 1688 2255 sen-

217 2276 360 2310 tentiam
383 2275 526 2314 attinet,
549 2281 647 2310 recte
669 2274 820 2310 sortasse
843 2274 1032 2309 Schiitzius
1054 2267 1257 2324 ἀκήρατον
1278 2286 1357 2310 cum
1379 2276 1477 2309 ναῦν
1497 2275 1687 2315 coniunxit,

216 2331 397 2366 intellecto
427 2324 549 2374 κατά,
588 2342 692 2376 quam
723 2330 861 2377 ellipsin
890 2330 949 2365 illo
981 2335 1141 2376 tempore
1172 2341 1276 2365 nemo
1299 2336 1501 2376 suspectam
1522 2330 1687 2366 habebat.

216 2386 326 2420 Etiam
353 2386 552 2421 Lobeckius
580 2387 615 2420 in
636 2386 784 2432 Paralip.
807 2398 842 2432 p.
861 2387 952 2422 263.
984 2379 1187 2433 ἀκήρατον
1214 2386 1257 2420 ad
1279 2386 1376 2420 ναῦν
1395 2386 1515 2421 refert.
1557 2386 1690 2429 Quam-

217 2452 320 2486 quam
342 2453 398 2476 res
421 2442 544 2476 codem
567 2442 679 2482 redit,
714 2442 742 2476 si
764 2441 807 2476 ad
829 2442 928 2476 ναῦν
947 2441 1109 2487 apposita
1131 2447 1213 2476 sunt
1233 2435 1434 2489 ἀκήρατον
1454 2434 1629 2490 σκάφος,
1650 2446 1689 2476 ut

218 2496 310 2530 dicat
330 2509 395 2532 nos
418 2509 625 2544 navemque,
648 2498 816 2533 illaesum
837 2498 988 2532 alveum.
1037 2497 1174 2532 Vtrovis
1196 2496 1288 2532 enim
1309 2496 1414 2532 modo
1442 2496 1616 2543 significat
1636 2497 1688 2532 al—

216 2563 315 2586 veum
338 2553 432 2587 navis
453 2553 629 2598 integrum
651 2558 825 2587 servatum
843 2563 934 2593 esse,
958 2553 1024 2586 etsi
1040 2552 1144 2601 malo,
1164 2552 1336 2593 antennis,
1360 2553 1465 2587 remis
1484 2552 1685 2587 confractis.

330 2609 420 2643 (540.
451 2603 679 2656 ἢξῂτήοατο
702 2608 794 2642 Flor.
824 2601 1077 2656 τ’)’ξῃτήσαῑο
1101 2608 1201 2642 Farn.
1224 2608 1312 2643 vict.
1355 2607 1542 2643 Sclu'itzius
1563 2600 1686 2654 ἢᾜη-

217 2656 377 2708 γήοατο,
409 2663 470 2697 Cui
493 2675 581 2709 quae
598 2663 836 2699 Blomfieldius
859 2663 989 2703 obiicit,
1013 2662 1156 2698 verbum
1180 2663 1263 2698 illud
1285 2675 1303 2698 a
1326 2663 1468 2709 tragicis
1490 2663 1559 2698 hoc
1575 2662 1686 2708 signi—
