1878 3115
768 202 823 233 Ao
851 202 1028 234 PERSAS.
1565 190 1633 229 lsi

274 306 366 341 273.
400 298 440 339 δ’
469 297 690 349 (inolitum,
721 305 764 339 ad
793 317 816 339 v
848 316 954 351 supra
976 304 1156 350 adscripto
1179 314 1235 346 οι,
1258 302 1325 337 Vit.
1368 297 1411 337 δὲ
1432 295 1638 337 &mollero

160 360 254 407 Lips.
296 353 474 395 ἀπώλετο
497 360 713 406 adscriptum
736 360 769 394 in
790 361 868 395 Par.
892 361 928 394 B.

274 417 366 452 274.
398 410 497 456 λεώς
517 416 556 450 G.
587 415 664 450 Par.
688 416 728 450 Κ.
778 416 816 450 ln
838 416 877 450 G.
907 409 1080 462 στρατός
1109 420 1287 460 tamquam
1317 413 1502 460 explicatio
1533 424 1640 458 supra

161 471 343 518 scriptum.
385 471 479 517 Lips.
497 471 675 517 vulgatum
693 466 866 518 στρατὸς
882 469 1000 511 hahet,
1017 470 1079 504 sed
1094 481 1200 515 supra
1218 469 1434 515 adscriptum
1452 480 1512 517 γρ.
1531 462 1640 510 λεώς.

272 524 440 561 ναΐοισιν
460 527 503 560 M.
526 526 592 560 vit.
616 526 710 572 Lips.
733 526 819 560 Ven.
836 525 874 559 Β.
896 525 974 559 Par.
994 525 1030 559 B.
1055 525 1134 559 edd.
1157 530 1242 559 vett.
1285 524 1355 559 Sed
1377 524 1411 558 in
1432 524 1527 570 Lips.
1550 534 1642 570 pcn-

160 582 304 617 ultimae
335 581 488 628 syllabae
517 594 540 628 η
571 581 864 627 superscriptiun.
908 578 1052 615 ναίοισι
1073 580 1159 614 Ven.
1182 582 1222 614 A.
1264 577 1421 628 ναί’”]7σιν
1441 580 1480 614 G.
1504 580 1581 614 Par.
1600 581 1640 613 A.

159 637 200 672 N.
231 643 266 672 et
293 637 511 682 adscriptum
532 636 567 670 in
587 637 666 671 Par.
688 636 726 670 B.
748 641 787 670 ut
809 647 849 671 ex
869 635 1035 670 Brunckii
1056 635 1285 670 adnotatione
1307 635 1467 680 colligas.
1511 632 1641 669 ναίάι-

160 704 222 728 σιν
243 691 406 727 Cantabr.
436 693 467 727 l.
548 687 553 690 ’

271 744 311 782 ἐν
328 745 404 792 βο)
410 747 472 788 αῖς
491 747 535 781 Μ.

274 803 507 839 275-278,
537 801 632 836 libri
660 795 736 845 ἴῦξ
762 794 946 848 ἄποτμον
963 796 1069 848 βοὰν
1090 797 1289 835 ὁυσαιαι’ν
1256 813 1287 848 ἠ
1310 811 1478 849 πέρσαις
1500 796 1641 842 δαΐοις,

161 853 214 901 ὡς
241 871 321 893 ποι
324 870 372 893 τα
403 851 617 905 παγκάκως
637 852 805 901 ἔθεσαν,
838 850 883 892 αἶ
901 849 945 892 a?
961 857 1139 906 στρατοῦ
1160 852 1411 921 φθαρέιτψος,
1444 855 1511 889 nisi
1548 855 1644 902 quod

159 915 193 949 in
224 914 346 960 paucis
376 913 522 948 tariant.
572 907 651 956 ι”ύζε
673 912 717 947 M.
740 913 835 959 Lips.
865 913 943 947 Par.
968 913 1004 947 C.
1028 912 1067 947 Ν.
1090 912 1168 947 Ald.
1191 912 1297 946 Turn.
1340 906 1378 945 ἷι
1374 907 1418 954 ξε
1440 911 1507 945 xit.
1557 911 1643 945 Tum

159 965 274 1017 βοὰν,
298 969 542 1016 superscripto
564 981 588 1015 η
611 968 654 1003 ad
676 964 721 1011 ὰ,
754 969 849 1015 Lips.
891 968 1023 1003 Deinde
1045 968 1214 1003 Faehsius
1237 979 1278 1002 ex
1298 957 1561 1001 Pa1.B.affert
1582 978 1643 1015 79.

161 1038 225 1060 και
249 1022 421 1072 ὁισεαιῆ-
442 1018 566 1072 ἤ7οιν
584 1020 821 1058 no).zn01'.m)
825 1035 880 1060 ον.
921 1024 1007 1059 Tum
1029 1019 1269 1071 πέρσαισιῦν,
1283 1022 1419 1057 duabus
1443 1022 1641 1068 scripturis,

161 1077 327 1129 πέρσαις
358 1085 393 1115 et
422 1080 582 1129 περσιῦν
612 1080 823 1120 coniunctis,
856 1080 933 1114 Pa1.
956 1080 996 1114 N.
1039 1079 1171 1114 Deinde
1203 1072 1256 1120 ὡς
1277 1074 1407 1113 πάντα
1429 1072 1646 1126 παγκάκως

161 1137 206 1171 M.
236 1136 303 1171 xit.
335 1136 358 1170 C
363 1135 500 1170 antabl.
524 1137 556 1171 l.
605 1135 746 1170 mose.
776 1135 854 1170 Pal.
877 1136 914 1170 F.
938 1135 979 1170 H.
1003 1136 1028 1170 1.
1051 1135 1090 1170 N.
1113 1134 1191 1169 Ald.
1217 1134 1306 1169 Rob.
1363 1134 1420 1169 Sic
1450 1105 1575 1174 etiam,
1607 1138 1646 1167 ut

162 1191 342 1227 Rekkerus
365 1136 667 1231 ad110taxit‚2Pa1-.
691 1191 729 1225 B.
768 1201 809 1225 ex
845 1202 914 1236 quo
953 1191 1123 1225 Faehsius
1153 1201 1188 1236 p.
1228 1191 1316 1226 182
1348 1184 1402 1231 ὡς
1430 1183 1647 1236 παγκάκως

162 1241 294 1282 πάντα
315 1247 435 1287 affert,
460 1246 556 1292 quod
577 1251 631 1280 est
652 1246 686 1280 in
709 1245 789 1281 edd.
812 1246 918 1281 Turn.
941 1251 976 1281 et
1000 1246 1086 1281 Vict.
1129 1240 1184 1287 (ὃς
1203 1239 1335 1280 πάντα
1357 1246 1489 1286 κακῶς
1510 1245 1549 1279 G.
1593 1239 1647 1286 ὥς

162 1297 459 1350 πάνπαγκάκως
489 1302 585 1348 Lips.
639 1301 771 1336 Deinde
801 1295 924 1337 ἔθεαν
951 1302 1029 1337 Ald.
1088 1301 1246 1348 Denique
1270 1294 1314 1335 αῗ
1332 1294 1375 1336 αἶ
1394 1301 1438 1336 M.
1480 1296 1524 1334 αἳ
1543 1294 1588 1334 αἲ
1606 1300 1644 1334 G.

163 1359 229 1393 vit.
251 1358 346 1404 Lips.
370 1357 449 1392 edd.
471 1362 556 1392 vett.

276 1413 348 1448 IIae
369 1413 542 1448 lectiones
564 1424 688 1448 omnes
711 1424 817 1459 quum
839 1413 925 1447 nihil
947 1413 1152 1448 contineant
1174 1424 1243 1459 quo
1266 1417 1390 1453 metra,
1415 1422 1504 1457 quae
1527 1411 1561 1445 in
1583 1422 1648 1445 an-

166 1469 339 1515 tistropha
361 1469 458 1503 valde
481 1468 616 1503 diversa
639 1474 732 1509 sunt,
752 1474 1004 1514 exaequentur,
1021 1475 1183 1515 apertum
1200 1474 1255 1503 est
1270 1468 1439 1502 maiorem
1458 1472 1649 1512 corrupte-

165 1525 232 1560 lam
255 1530 315 1559 aut
336 1524 391 1559 hic
415 1529 474 1558 aut
495 1524 529 1558 iu
551 1524 772 1570 antistropha
794 1524 917 1559 latere.
959 1525 1107 1560 Accedit
1129 1524 1224 1571 quod
1247 1523 1399 1558 dubitari
1421 1534 1491 1557 non
1512 1527 1646 1569 potest,

166 1580 267 1627 quin,
298 1585 337 1614 ut
365 1579 538 1626 particula
568 1574 622 1621 ὡς
649 1579 840 1626 utrobique
869 1580 1018 1615 eundem
1042 1580 1076 1615 in
1097 1580 1254 1615 numeris
1275 1579 1393 1614 locum
1415 1578 1570 1618 obtinet,
1601 1578 1648 1612 ita

164 1636 256 1671 idem
278 1635 503 1671 observatum
524 1635 630 1671 suerit
650 1635 684 1670 in
705 1637 847 1670 nomine
871 1632 1010 1679 δαΐοις.
1051 1636 1089 1671 Id
1110 1636 1216 1682 igitur
1237 1641 1296 1670 aut
1317 1635 1352 1669 in
1373 1634 1521 1680 stropha
1538 1633 1648 1668 autin

165 1691 387 1737 antistropha
417 1702 457 1725 ex
486 1691 570 1726 sede
600 1702 662 1726 sua
685 1691 931 1726 dimovendum
954 1697 1020 1727 est.
1062 1692 1100 1726 ln
1121 1692 1343 1737 antistropha
1364 1691 1398 1725 id
1419 1701 1490 1725 non
1511 1689 1650 1724 videtur

164 1746 339 1794 probabili
369 1746 506 1781 ratione
537 1746 613 1781 fieri
640 1757 760 1792 posse.
811 1747 849 1781 In
879 1748 1027 1793 stropha
1048 1747 1155 1793 igitur
1176 1747 1293 1781 vitium
1317 1745 1559 1792 quaerendum
1582 1749 1648 1779 est.

165 1804 214 1838 Ae
237 1802 296 1837 diu
317 1807 371 1837 est
394 1813 501 1847 quum
522 1797 706 1850 Πέρσαις
726 1802 936 1837 eiiciendnm
959 1814 1038 1837 esse
1062 1802 1263 1848 suspicatus
1286 1813 1383 1839 sum,
1414 1801 1448 1835 in
1471 1811 1539 1846 qua
1561 1810 1651 1835 con—

167 1858 301 1893 iectura
331 1857 550 1892 confirmavit
578 1868 634 1892 me
663 1857 748 1891 illud
778 1857 874 1903 qnod
902 1858 936 1892 in
958 1858 1036 1892 Par.
1059 1857 1098 1892 N.
1130 1858 1301 1904 scriptum
1333 1862 1388 1891 est
1407 1852 1649 1904 πέρσαισιῦν,

168 1913 262 1960 quod
284 1912 412 1948 indicio
435 1923 514 1947 esse
536 1913 672 1947 videtur
694 1912 875 1948 dubitasse
897 1913 1111 1959 interpretes
1133 1918 1250 1947 utrum
1273 1910 1403 1954 δαΐοις
1422 1912 1465 1946 de
1487 1910 1651 1946 hostibus

168 1969 374 2009 Persarum,
398 1979 442 2003 an
464 1968 506 2003 de
527 1968 613 2014 ipsis
636 1968 765 2009 Persis,
789 1969 888 2004 clade
910 1968 1037 2003 bellica
1060 1969 1218 2009 afflictis,
1250 1967 1518 2014 intelligendum
1540 1971 1650 2001 esset.

169 2025 256 2059 Vicit
277 2030 393 2059 tamen
415 2024 595 2070 posterior
616 2023 813 2070 explicatio,
838 2035 926 2071 quae
950 2035 1033 2059 sane
1055 2024 1238 2071 probanda
1261 2029 1327 2064 est,
1350 2023 1398 2058 ita
1420 2029 1470 2064 ut,
1488 2034 1595 2069 quum
1617 2022 1652 2056 in

166 2080 323 2126 margine
345 2079 563 2126 adscriptum
585 2079 627 2115 ab
649 2080 844 2126 interprete
867 2085 963 2115 esset
979 2076 1163 2129 Πέρσαις
1178 2076 1317 2123 δαΐοις,
1336 2079 1369 2114 id
1386 2090 1451 2126 pro
1467 2078 1652 2113 emendata

167 2136 319 2171 lectione
340 2135 498 2170 habitum
520 2135 634 2170 alieno
652 2135 732 2171 loco
750 2136 784 2170 in
798 2136 874 2181 ipsa
891 2141 1019 2182 poetae
1034 2135 1139 2171 verba
1155 2135 1289 2170 illatum
1306 2135 1362 2170 sit.
1399 2135 1522 2180 Itaque
1539 2129 1653 2182 Πέρ-

168 2202 257 2233 σαις
278 2190 400 2225 ‹lelexi
451 2190 640 2225 Praeterea
669 2190 775 2225 verba
795 2187 901 2236 βοὰν
922 2188 1114 2238 ὁύςαιανῆ
1135 2191 1273 2225 inverso
1298 2190 1421 2225 ordine
1444 2188 1652 2224 collocanda

169 2257 247 2281 esse
277 2246 498 2292 antistropha
529 2246 661 2281 docuit.
704 2246 835 2281 Deinde
866 2246 1029 2291 sequenti
1058 2246 1173 2280 versui
1196 2246 1325 2292 ahquid
1348 2246 1391 2279 ad
1412 2244 1651 2290 integritatem

170 2301 282 2336 deest.
324 2303 439 2346 Atque
460 2301 516 2335 hic
541 2312 683 2347 quoque
707 2301 795 2335 duae
816 2301 977 2346 proditae
1000 2306 1081 2335 sunt
1103 2301 1145 2335 ab
1168 2300 1422 2347 interpretibus
1445 2299 1654 2345 explicatio-

169 2367 231 2391 nes
254 2355 350 2390 verbi
371 2351 531 2398 ἔθεσαν,
555 2367 662 2401 quum
685 2356 718 2390 in
741 2356 779 2391 G.
800 2351 836 2390 οἱ
852 2352 1024 2405 Πέρσαι,
1047 2356 1081 2391 in
1101 2356 1165 2390 Vit.
1185 2351 1221 2390 οἱ
1241 2352 1331 2390 θεοὶ
1355 2355 1572 2401 adscriptum
1596 2354 1652 2388 sit.

171 2412 206 2446 Si
229 2412 270 2446 dc
293 2411 357 2446 diis
378 2411 467 2445 haec
495 2410 723 2457 intelligenda
745 2416 844 2451 sunt,
868 2412 1041 2446 nominari
1064 2412 1149 2447 deos
1173 2411 1343 2458 oportuit.
1384 2412 1433 2446 Ac
1456 2410 1655 2445 restituitur

170 2472 341 2507 metrum,
374 2466 403 2500 si
432 2471 512 2501 ante
543 2461 694 2502 ἔθεσαν
713 2467 781 2501 hoc
804 2467 919 2513 ipsum
941 2478 1071 2503 nomen
1093 2464 1188 2502 θεοί
1204 2467 1374 2502 inseritur
1395 2471 1654 2514 praetereaque

169 2518 301 2558 πάντα
322 2522 356 2557 in
377 2516 508 2571 πάντα
529 2526 697 2556 mutatur.
741 2522 874 2569 Scripsi
896 2523 1002 2569 igitur

369 2570 449 2620 Z'ijg'
473 2573 656 2623 ἄποτμον
677 2574 805 2620 δαΐοις

371 2629 562 2679 ὸί’ςαιανῆ
582 2626 698 2678 βοάν,

371 2682 425 2730 ὡς
445 2682 575 2741 πάντα
597 2683 812 2736 παγκάκως
832 2684 921 2724 θὲοὶ
