1878 3115
240 222 317 261 126
806 222 1148 257 ADNOTATIONES

237 337 330 366 trum
352 330 497 365 alteram
514 329 660 363 sormam
678 327 849 368 admittat,
867 333 905 361 ut
921 327 953 361 in
972 327 1119 361 Eumen.
1133 327 1225 362 200.
1237 327 1330 362 419.
1372 325 1588 362 Blomsseldio
1604 326 1710 373 longe

237 385 453 433 probabilius
474 384 657 434 videbatur
677 378 827 418 τοιόνδε
847 378 920 429 μέν
940 393 1014 417 σοι.
1055 382 1129 428 Ego
1152 382 1293 428 quidem
1308 382 1482 428 vulgatam
1499 382 1711 428 scripturam

239 441 443 476 servandam
466 439 563 479 duxi,
594 438 721 484 partim
744 438 839 484 quod
860 438 917 472 ille
939 438 1154 484 tragicorum
1177 449 1261 472 usus
1283 437 1335 472 vix
1356 437 1440 472 satis
1461 437 1607 472 stabiliri
1627 443 1712 484 pot-

239 502 303 537 est,
327 496 452 542 partim
476 494 570 540 quod
592 494 766 528 sententia
787 494 821 528 in
842 493 899 528 illa
920 493 1075 528 Elmsleii
1096 493 1300 529 coniectura
1322 504 1393 528 non
1413 497 1511 528 recte
1533 493 1712 528 enuntiata

236 552 384 586 videtur.
425 549 510 584 Nam
533 544 572 584 ἕν
593 549 622 583 si
644 549 782 589 dicitur,
806 549 890 583 satis
913 555 967 583 est
982 549 1140 584 τοιοῦτο
1157 554 1217 583 aut
1233 549 1351 598 τοῦζο
1369 548 1459 589 addi,
1478 553 1630 594 utroque
1647 559 1712 583 au-

238 612 308 641 tem
331 605 448 641 addito
471 605 620 640 alterum
643 615 943 651 supervacaneum
965 609 1071 650 atque
1093 604 1181 639 adeo
1203 604 1393 639 molestum
1415 609 1481 639 est.

352 663 444 698 804.
478 655 703 706 ὂξππστόμου
725 665 806 695 ante
829 660 1088 695 correctionem
1112 659 1289 695 secundae
1310 671 1416 694 manu
1438 659 1482 694 M.

350 712 561 765 ἀκραγγεῖς
580 716 666 750 Ven.
692 717 726 752 3.
749 716 847 750 Bess.
871 716 948 750 Par.
966 715 1008 750 ΙΙ.
1033 715 1108 750 Ald.
1151 710 1361 763 ἀκραγκεΐς
1380 715 1474 761 Lips.
1516 714 1712 761 Hesychius

236 774 271 808 in
293 773 416 808 codice
438 767 607 820 ἀκραγές
628 771 806 815 (Musurus
828 766 1049 820 ἀκραγγές),
1073 766 1273 819 δ’τςχερές,
1295 765 1487 817 σκληρόν,
1510 765 1712 816 ὀξύχολον,

238 823 417 870 ἀσθενές.
457 827 570 873 Etym.
594 827 637 861 M.
660 838 694 873 p.
713 828 774 867 52,
799 828 859 863 13.
883 821 1087 875 ἀκραγγὲς,
1110 821 1289 869 ἀσθενές,
1306 820 1495 872 χαλεπόν,
1518 821 1711 872 ὸίπςχερές,

237 878 430 931 σκληρόν,
453 877 671 931 αὐστηρόν,
694 879 757 916 καὶ
779 877 825 917 τὸ
848 876 906 916 ἀεὶ
929 880 1066 915 κλαῖον
1086 877 1256 915 παιδίον.
1288 877 1338 916 τά
1358 892 1397 916 τε
1420 876 1600 929 ἀκραγγῆ
1620 876 1713 923 ὀξύ-

232 937 349 986 Zeta.
391 938 448 973 Sic
471 938 574 972 etiam
597 937 667 972 MS.
690 939 778 983 Aug.
819 939 934 983 Atque
966 937 1068 971 etiam
1091 937 1125 971 in
1147 936 1295 971 Bekkeri
1316 936 1449 971 Anecd.
1471 948 1506 982 p.
1532 937 1622 976 369,
1652 937 1711 971 17.

237 995 367 1040 legitur
388 988 592 1041 ἄκραγγες,
615 988 846 1041 ἀκρόχολον,
870 988 1049 1035 ἀσθενές,
1066 987 1253 1040 χαλεπόν.
1295 992 1432 1038 Optima
1455 991 1640 1038 explicatio
1658 996 1714 1026 est

239 1045 470 1098 ἀκρόχολον.
511 1048 572 1083 Est
594 1049 685 1083 enim
706 1048 915 1083 vocabulum
938 1048 1022 1082 illud
1043 1047 1085 1081 ab
1109 1041 1183 1095 ἄγη
1205 1047 1415 1088 deductum,
1440 1047 1482 1081 de
1505 1058 1575 1093 quo
1598 1047 1711 1093 Etym.

238 1106 282 1140 Μ.
304 1117 339 1151 p.
364 1106 399 1145 9,
428 1106 460 1140 1.
498 1098 595 1151 ἄγη,
626 1104 791 1150 θαῦμα,
815 1098 946 1150 χαρά,
970 1098 1154 1147 ἀπιστία,
1178 1099 1303 1150 ζῆλος.
1343 1098 1453 1151 παρὰ
1470 1098 1713 1152 ζΗρωόιανῷ

235 1156 449 1206 βασκανία.
491 1160 562 1194 MS.
584 1162 673 1205 Aug.
695 1154 807 1208 παρὰ
822 1154 964 1209 Ἶῖῖροὸζ
994 1159 1016 1193 1.
1039 1169 1070 1193 6.
1100 1154 1211 1207 παρὰ
1227 1153 1439 1208 ‘I'Jpod‘otcy
1463 1157 1533 1202 (VI.
1559 1158 1652 1204 60.),
1674 1162 1714 1192 ut

239 1215 364 1250 Suidas
387 1226 543 1261 quoque.

348 1271 514 1317 Apertius
535 1270 624 1305 Iovis
655 1269 805 1304 ministri
834 1274 917 1304 sunt
945 1268 1060 1315 aquila
1083 1279 1173 1314 quae
1194 1280 1225 1303 ν.
1254 1269 1370 1304 1026.
1391 1268 1491 1304 iecur
1510 1269 1713 1304 Promethei

238 1331 354 1367 exest,
385 1337 546 1372 quaeque
575 1326 609 1360 iu
630 1326 894 1371 Agamemnone
915 1336 945 1359 v,
974 1325 1062 1360 128.
1085 1324 1230 1371 auguria
1252 1324 1335 1359 dant
1355 1324 1503 1371 aquilae.
1545 1324 1609 1360 Hie
1630 1335 1714 1371 gry-

236 1382 296 1428 phi
327 1382 377 1416 sic
408 1381 575 1428 appellati
602 1380 763 1415 videntur
791 1385 830 1415 ut
850 1380 939 1415 lovis
968 1380 1148 1415 voluntante
1177 1380 1372 1415 ministerio
1394 1380 1469 1415 auri
1491 1380 1713 1415 custodiendi

238 1437 438 1483 fungentes.

353 1493 444 1528 805.
475 1486 604 1540 yth-rag
625 1491 664 1526 G.
714 1491 868 1539 γρῦπας
895 1491 981 1526 Ven.
1006 1492 1040 1528 3.
1072 1502 1180 1537 quum
1211 1491 1320 1526 ceteri
1341 1491 1414 1526 sere
1436 1495 1474 1526 ut
1496 1491 1539 1526 M.
1560 1486 1715 1540 γρύπας

237 1547 402 1583 habeant.

347 1598 393 1638 τό
415 1613 453 1637 τε
476 1607 557 1637 ante
580 1612 652 1636 sec.
675 1612 799 1635 manus
822 1601 1080 1636 correctionem
1103 1601 1147 1636 Μ.
1189 1596 1257 1637 τόν
1276 1612 1316 1649 γε
1339 1601 1405 1636 Vit.

348 1658 543 1704 μουνῶπα
564 1669 582 1692 a
603 1668 657 1703 pr.
680 1668 784 1691 manu
802 1657 845 1691 M.
876 1656 1066 1691 Recentior
1086 1657 1347 1692 circumflexum
1369 1661 1555 1691 accentum
1577 1656 1609 1690 iu
1627 1667 1714 1691 acu-

238 1719 312 1749 tum
342 1713 488 1748 mutavit
517 1718 552 1748 et
580 1713 722 1747 ultimae
751 1711 883 1758 syllabe
906 1723 950 1746 ον
970 1724 1076 1759 supra
1097 1712 1297 1758 adscripsit.
1339 1712 1543 1747 Eustatliius
1565 1712 1608 1746 ad
1629 1712 1714 1747 Dio—

237 1769 325 1816 nysii
346 1781 376 1803 v.
403 1770 465 1805 31.
487 1763 696 1814 Αἰσχύλος
717 1764 759 1802 δὲ
778 1769 947 1814 μοι’(ῦπα
969 1763 1144 1817 σῑρατόν
1163 1763 1357 1814 ὀνομάζει.
1405 1767 1501 1802 Idem
1523 1767 1567 1802 ad
1589 1767 1653 1802 Od.
1675 1779 1710 1814 p.

241 1825 359 1865 1388,
385 1826 448 1860 64.
470 1824 667 1870 μουνῶπα
687 1818 862 1870 στρατὸν
879 1834 920 1858 ex
942 1823 975 1857 11.
998 1823 1021 1858 1.
1045 1827 1312 1858 commemorat.

350 1881 442 1916 806.
476 1874 715 1927 ἀριμασπων
735 1878 802 1912 vit.
826 1878 888 1913 sed
910 1890 928 1913 a
948 1890 1002 1924 pr.
1024 1890 1129 1913 manu
1150 1879 1184 1913 in
1207 1873 1437 1927 ἀριμασπόν
1456 1883 1641 1913 mutatum.

349 1930 581 1980 ἷππόβαμον
602 1934 644 1968 M.
668 1945 687 1968 a
707 1945 761 1979 pr.
783 1945 889 1968 mauu
911 1939 945 1968 et
968 1934 1033 1968 vit.
1056 1934 1149 1980 Lips.
1193 1928 1444 1980 ἱπποβαμμὲξ
1471 1934 1509 1968 G.

350 1984 680 2038 οἳχρτσόρρυτον
701 1990 740 2023 G.
782 1984 819 2022 οἱ
833 1983 1102 2037 χρυσόρρύτοι
1125 1989 1174 2023 sic
1197 1989 1290 2035 Lips.

351 2045 442 2080 807.
474 2040 582 2089 νάμα
603 2044 641 2078 G.
665 2048 700 2077 et
721 2054 740 2077 a
760 2054 814 2089 pr.
837 2055 942 2077 manu
964 2044 1007 2077 M.
1123 2040 1318 2078 πλούτωνι
1340 2044 1435 2089 Lips.

348 2094 473 2144 πόρον
493 2099 536 2133 Μ.
569 2098 732 2133 Cantabr.
762 2100 793 2134 1.
818 2099 853 2133 2.
883 2098 959 2132 Par.
983 2098 1023 2132 N.
1054 2098 1138 2133 Ven.
1164 2100 1198 2134 3.
1233 2098 1331 2132 Vind.
1357 2100 1391 2134 3.
1415 2100 1452 2134 4.
1487 2098 1576 2133 Roh.
1606 2099 1712 2144 idque

239 2155 520 2201 superscriptum
549 2154 583 2188 in
614 2153 712 2188 Colb.
738 2154 773 2189 2.
825 2153 968 2188 Gravior
997 2159 1051 2188 est
1082 2159 1116 2188 et
1144 2154 1254 2200 magis
1283 2154 1478 2200 Aeschylca
1508 2154 1710 2189 coniunctio

236 2210 364 2245 horum
384 2209 584 2250 verborum,
607 2210 715 2255 νᾶμα
735 2204 874 2255 πόρου.
915 2209 971 2244 Sic
994 2209 1027 2243 in
1049 2209 1164 2243 Persis
1186 2221 1216 2243 v.
1241 2210 1332 2245 231.

437 2263 528 2312 τῆλε
550 2261 650 2313 πρὸς
671 2260 828 2310 δυσμὰς
848 2258 1020 2306 ἄνακτος
1035 2260 1178 2299 ιΗλιόυ
1201 2259 1510 2313 φθινασμάτοψ.

351 2322 442 2357 808.
474 2315 695 2367 τηλοίᾪγόν
716 2325 796 2354 aute
817 2320 1027 2355 recentioris
1049 2331 1173 2354 manus
1195 2321 1456 2355 correctionem
1478 2319 1522 2354 M.

350 2378 442 2412 811.
473 2371 689 2424 παρόχθας
717 2375 811 2421 Lips.
849 2381 884 2410 et
919 2386 935 2409 a
965 2387 1019 2421 pr.
1051 2387 1156 2409 manu
1184 2375 1227 2410 M.
1343 2372 1446 2422 ἐξιής
1466 2375 1560 2421 Lips.
1583 2375 1710 2421 aliique

236 2432 395 2466 nonnulli
418 2437 452 2466 et
472 2431 548 2466 Ald.
591 2428 717 2474 ἕξιόις,
741 2431 917 2477 adscripta
941 2431 1173 2477 explicatione
1196 2426 1343 2474 ἔλθοις,
1367 2431 1405 2465 G.

350 2488 440 2523 812.
470 2482 664 2532 βιβλίνων
684 2486 727 2521 Μ.
752 2485 850 2521 Colb.
871 2487 905 2522 2.
930 2486 1029 2521 Cant.
1052 2488 1084 2521 1.
1201 2481 1306 2534 ὁρῶν
1327 2477 1482 2532 G.'Lips.

351 2543 442 2578 813.
474 2536 646 2585 etheron,
670 2542 733 2576 sed
754 2541 931 2588 adscripta
954 2542 1185 2588 explicatione
1207 2537 1341 2589 γλνκύ,
1366 2542 1430 2576 Vit.

347 2596 392 2630 lis
424 2609 512 2642 quae
535 2597 711 2632 Stanlcius
741 2597 783 2631 de
806 2597 991 2631 dulcedine
1013 2609 1124 2643 aquae
1146 2597 1210 2632 Nili
1232 2609 1272 2632 ex
1293 2597 1436 2632 Achillis
1458 2596 1544 2631 Tatii
1565 2596 1618 2630 lV.
1648 2596 1708 2631 18.
1739 2624 1742 2627 .

238 2656 273 2684 et
295 2650 467 2696 Spartiani
491 2653 684 2687 Pescennio
708 2653 813 2698 Nigro
836 2663 866 2687 c.
893 2654 927 2688 7.
951 2653 1066 2687 attulit
1088 2653 1166 2687 addi
1188 2658 1339 2699 possunt
1358 2653 1561 2687 Athenaeus
1584 2662 1618 2696 p.
1643 2652 1707 2686 41.

238 2705 274 2739 F.
297 2705 500 2741 Eustatliius
521 2719 555 2753 p.
586 2709 699 2749 1499,
725 2708 787 2743 59.
