1878 3115
208 210 260 248 50
766 205 1109 241 ADNOTATtoNEs

210 318 418 355 recentioris
454 326 539 350 usus
579 313 808 353 vocabulum,
846 311 888 345 ab
919 309 1094 355 Aeschylo
1130 308 1287 355 positum
1316 317 1396 342 esse
1425 305 1592 341 credibile
1615 309 1681 339 est.

211 376 396 411 Praeterea
418 384 488 406 non
509 370 678 419 πικρῶς,
708 367 770 402 sed
793 366 1008 401 contrarium
1031 364 1100 399 dici
1122 363 1254 399 debuit.
1315 362 1365 397 Ex
1385 373 1454 408 qno
1476 361 1683 407 intelligitur

210 435 347 478 partem
368 428 450 467 veri,
475 420 520 460 οὐ
541 425 702 472 πικριῦς,
724 423 834 458 latere
856 422 890 456 in
913 421 1087 467 scriptura
1110 416 1230 469 ᾳίλου
1250 418 1414 466 πικρῶς.
1449 417 1537 452 Hinc
1560 415 1686 462 scripsi

209 480 302 531 ,mix
327 478 372 517 οὗ
393 482 554 529 πικρῶς.
606 480 818 524 Plerumque
848 472 893 511 οὗ
914 472 1026 523 μάλα
1055 476 1202 515 (licitur,
1234 473 1296 509 sed
1316 468 1408 519 μάλ’
1435 467 1480 507 οὗ
1501 472 1631 518 legitur
1651 471 1686 505 in

212 541 250 575 ll.
273 540 314 573 ll.
339 539 430 574 241.
455 532 557 571 ἀλλὰ
578 530 671 581 μάλ)
698 530 770 568 οὐκ
784 527 1074 580 Ἀχιλῆϊχόλος
1094 526 1255 580 ([ρεσίν,
1279 524 1382 563 ἀλλὰ
1402 523 1621 575 μεθήμων,
1642 523 1687 574 [et

213 595 250 629 V.
275 595 367 630 407.
391 586 474 627 ὅττι
495 586 588 638 μάλ’
614 585 659 624 οὐ
682 584 854 637 δηναιός,
878 582 921 629 ὃς
936 583 1178 621 ἀθανάτοισι
1194 581 1384 631 μάχηται.
1419 584 1462 618 Et
1477 583 1510 618 111
1522 581 1687 628 Aeschyli

211 661 316 684 versu
352 648 456 683 etiam
492 646 711 693 aptissimum
740 650 794 679 est
822 638 914 690 μάλ’
939 638 985 677 οὗ
1016 642 1177 691 πικριῦς.
1226 640 1412 686 Reliquum
1435 643 1490 674 est
1511 635 1685 681 ἐκτενεῖς,

213 705 309 752 quod
342 703 467 749 scripsi
496 699 669 749 ἔκγενεΐς.
723 700 944 746 Requirimus
975 699 1066 733 enim
1095 696 1304 732 vocabulum
1340 706 1410 741 quo
1446 695 1688 740 vituperentur

212 759 463 806 Aegyptiadae.
499 752 689 804 Ἐκγενεΐς
715 756 749 790 111
772 754 959 801 Sophoclis
983 753 1068 788 Oed.
1091 753 1130 787 R.
1159 753 1274 787 1506.
1298 750 1452 785 restituit
1474 750 1512 785 G.
1536 749 1688 784 Dindor-

213 816 292 855 fius,
315 809 487 860 πτωχάς,
512 807 743 861 ἀνάνδροις,
767 808 931 858 ἐκγενεῖς
952 804 1169 854 (ἶλιυμένας.
1207 807 1387 853 Significat.
1409 810 1566 856 autem-e
1582 809 1689 851 gente

216 871 349 906 eiectos
370 869 424 903 vel
446 868 648 907 ejiciendos,
673 877 762 912 quos
785 866 887 900 etiam
911 865 1105 911 degeneres
1128 863 1182 897 hic
1207 862 1347 908 quidem
1370 862 1478 896 dieas.

330 926 421 961 954.
464 917 630 969 ἐμοι-σὰ)
655 922 752 968 prius
782 921 826 955 M.
858 932 898 955 ex
929 931 997 966 qno
1028 913 1170 965 ἐμὸυδ)
1195 918 1237 953 ab
1267 918 1389 952 endem
1418 915 1687 967 manufactum.

218 976 338 1027 32¹101³³C
358 975 397 1014 δ’
422 979 459 1013 Ε.
482 978 570 1013 Rob.
612 974 709 1024 ἐμοῦ
731 971 770 1011 δ’
797 977 835 1011 G.

328 1031 445 1070 τοῦδε
469 1034 507 1069 G.

330 1091 422 1125 956.
465 1083 597 1137 δορυκ3
622 1082 819 1135 ἄνημέριοι
843 1086 886 1120 M.
929 1081 1026 1132 δόρυ
1057 1078 1266 1132 κᾶνιῐιιιὲρω
1297 1083 1335 1117 G.
1379 1076 1689 1132 ὁ”ο’ρυκάνι],ιιέρῳ

218 1147 254 1180 P.
297 1140 431 1191 δόρυκ)
457 1139 640 1191 ἀνημέρω
662 1142 750 1176 Rob.
792 1141 997 1176 Emendavit
1018 1141 1209 1175 Porsonus.

330 1201 422 1236 957.
458 1194 597 1246 χώρας
616 1198 653 1231 Ρ.

330 1250 468 1298 ἀείζων
487 1254 530 1287 M.
574 1248 631 1287 ἀεὶ
656 1248 730 1296 ζῶν
751 1251 789 1286 G.
831 1245 970 1294 ἀειζιῦν
990 1250 1077 1284 Rob.

331 1310 423 1346 958.
465 1308 558 1343 Libri
579 1303 795 1357 εὐπρυμνῆ.
838 1306 875 1340 Id
897 1306 1025 1340 mutavi
1046 1306 1078 1340 in
1102 1301 1142 1339 ἐν
1161 1299 1333 1353 πρύμνῃ,
1357 1303 1451 1349 qnod
1468 1302 1568 1337 video
1588 1302 1691 1337 etiam

218 1365 372 1401 Paleium
395 1364 612 1410 suspicatum
635 1374 732 1403 esse,
758 1361 820 1397 sed
840 1362 930 1396 male
952 1361 1222 1407 interpretatum
1245 1362 1284 1395 in
1304 1366 1425 1395 vestra
1445 1365 1570 1400 mente,
1593 1368 1694 1393 com—

219 1426 341 1468 parata
368 1415 509 1470 npqsspq
539 1415 707 1468 καρδίας
734 1418 768 1452 111
791 1417 949 1463 Choeph.
975 1418 1067 1453 386:
1108 1416 1157 1451 Ihi
1180 1415 1274 1461 quod
1296 1419 1376 1449 ante
1398 1415 1551 1450 animum
1572 1424 1694 1448 versa-

223 1482 297 1517 tur,
329 1476 385 1510 hic
408 1475 502 1521 quod
523 1475 557 1509 in
578 1474 699 1509 intimo
722 1473 836 1508 animo
858 1472 932 1507 fieri
955 1472 1082 1506 debeat
1102 1470 1369 1517 intelligendum
1390 1475 1456 1505 est.
1498 1470 1540 1504 Vt
1561 1469 1595 1504 in
1617 1468 1693 1503 navi

219 1531 426 1578 potissimus
447 1530 547 1565 locus
570 1534 623 1564 est
644 1529 772 1575 puppis
787 1556 794 1569 ‚
826 1528 861 1562 111
884 1539 950 1574 qua
973 1533 1006 1562 et
1029 1526 1308 1574 gubernaculum
1331 1531 1385 1560 est
1406 1530 1441 1560 et
1462 1525 1691 1571 gubernator,

223 1587 272 1622 sic
294 1581 480 1636 πρύμναν
500 1580 644 1633 φρενός
665 1584 792 1619 dictam
815 1594 892 1618 esse
914 1588 1024 1629 patet.

336 1642 428 1677 959.
469 1637 662 1686 σέβεσθαι
684 1640 728 1674 M.
750 1639 789 1674 E.
812 1638 900 1673 Rob.
941 1634 1111 1684 σέβεσθε
1133 1638 1172 1672 G.
1195 1648 1234 1672 ex
1257 1636 1491 1672 correctione.

332 1692 549 1745 τιμιωτέρα
569 1695 607 1730 Ε.
632 1695 670 1730 G.

334 1751 428 1786 Libri
449 1748 557 1796 ἐμοῦ.
599 1750 731 1797 Scripsi
754 1746 883 1796 θέμις.
1488 1779 1493 1783 .

337 1807 429 1842 960.
471 1806 564 1840 Libri
586 1802 649 1839 καὶ
671 1806 798 1840 ταῦτα
819 1799 1114 1853 Ιιιένγράψεσθὲ
1131 1798 1381 1852 (γράφεσθαι
1399 1807 1479 1837 ante
1497 1801 1696 1837 correctio-

224 1873 305 1897 nem
327 1862 396 1908 G.).
439 1861 496 1896 Sic
518 1862 644 1896 ταῦτα
666 1861 709 1895 ad
730 1860 979 1907 praecedentia
1000 1860 1206 1905 pertineret,
1230 1870 1301 1893 non
1323 1858 1366 1893 ad
1387 1858 1583 1904 sequentia.
1624 1857 1696 1891 ltn-

226 1928 294 1963 que
317 1922 375 1951 aut
397 1917 582 1962 scripsisse
602 1921 707 1962 pocta
730 1915 907 1962 putandus
930 1920 984 1949 est
1006 1911 1068 1949 καὶ
1092 1916 1221 1949 ταῦτα
1243 1909 1284 1948 δ’
1308 1908 1593 1963 ἐγγράψασθε,
1622 1917 1693 1952 aut,

1098 1963 1239 1978 ,,,,,

227 2028 296 2062 tivo
319 2027 410 2061 enim
432 2038 522 2073 opus
544 2031 609 2061 est.
650 2026 688 2060 In
709 2026 825 2060 Prom.
851 2026 941 2061 790.
964 2019 1012 2071 ἢν
1033 2020 1234 2073 ἐγγράφου
1256 2020 1304 2059 σὺ
1324 2019 1524 2070 μνήμοσιν
1545 2019 1698 2065 δέλτοις

228 2093 395 2132 φρενων.

339 2132 438 2185 πρὸς
471 2132 764 2186 γεγραλιιλιιένοῑς
783 2135 827 2169 M.
851 2135 889 2169 G.
944 2129 1333 2183 npooy'ey‘pcaewce'v01g
1353 2133 1443 2168 Rob.
1499 2128 1598 2181 πρὸς
1633 2144 1696 2181 γε-

227 2188 436 2241 γραμμένα
456 2192 495 2226 Ε.

343 2248 435 2283 962.
476 2241 614 2293 ὅμιλος
634 2246 677 2280 M.
700 2257 717 2280 a
738 2257 792 2293 pr.
814 2256 931 2280 manu.

344 2303 435 2339 963.
476 2301 569 2337 Libri
589 2295 763 2347 εὔτνχον.
802 2300 1007 2335 Emendavit
1027 2299 1261 2345 spanhemius
1282 2299 1325 2334 ad
1346 2299 1479 2334 Gallim.
1501 2299 1538 2333 L.
1561 2299 1597 2333 P.
1623 2300 1658 2336 3.

344 2359 436 2394 967.
480 2369 606 2405 τερειν
626 2352 765 2405 οπώρα
787 2351 843 2400 δ’),
873 2367 952 2391 cum
982 2355 1113 2389 rasuris
1143 2366 1247 2401 supra
1278 2366 1293 2389 ε
1323 2360 1399 2389 eto
1422 2359 1559 2400 etpost
1580 2366 1619 2398 ν,
1651 2354 1695 2389 Μ.

230 2408 355 2461 τέρειν
375 2407 415 2447 δ)
440 2407 580 2461 ὀπώρα
601 2407 642 2446 δ’
667 2412 706 2447 G.
746 2407 1013 2459 τερεινοπώρα
1035 2405 1073 2445 δ’
1099 2410 1137 2445 Ε.
1178 2406 1296 2459 τέρην
1316 2405 1455 2457 ὀπώρα
1477 2404 1517 2444 δ’
1542 2409 1631 2444 Rob.

345 2469 436 2504 968.
477 2467 569 2503 Libri
590 2466 714 2516 θῆρες
734 2463 777 2502 δὲ
797 2463 1026 2516 κηραίνουσι
1049 2462 1112 2500 καὶ
1132 2463 1271 2515 βροτοὶ
1293 2461 1428 2512 τιμήν,
1458 2465 1525 2500 nisi
1546 2465 1640 2511 qnod
1660 2460 1696 2500 τὶ

232 2519 311 2569 μήν
331 2523 370 2557 Ε.
393 2524 432 2558 G.
482 2523 779 2570 Impatientissimi
799 2523 936 2557 litterae
959 2533 976 2556 a
999 2521 1123 2556 scribis
1145 2521 1234 2556 male
1256 2522 1452 2568 geminatae
1473 2520 1527 2555 vel
1547 2531 1617 2555 non
1637 2530 1697 2554 re-

235 2583 291 2613 cte
320 2579 426 2624 positi
455 2584 622 2613 accentus
642 2578 814 2625 philologi
833 2577 1001 2612 immobili
1022 2577 1118 2612 vultu
1139 2577 1376 2623 adspexerunt
1396 2576 1487 2611 feras
1507 2574 1696 2622 virginibus

234 2633 437 2680 pudicitiam
471 2634 672 2680 eripientes.
728 2633 860 2680 Scripsi
887 2628 1037 2681 θήραις
1067 2628 1109 2667 δὲ
1137 2628 1373 2681 κηραίνοτοί
1389 2644 1448 2666 νιν
1473 2626 1625 2679 βροτοί.
1659 2641 1696 2664 τι

235 2684 334 2736 μήν,·
373 2689 416 2723 Et
436 2689 469 2723 in
490 2685 639 2737 θήραις
659 2689 798 2735 quidem
819 2688 941 2723 incidit
957 2688 1060 2722 etiam
1078 2688 1295 2723 Wieselerus
1313 2687 1470 2722 Coniect.
1486 2686 1519 2720 in
1535 2685 1696 2731 Aeschyli
