1878 3115
366 814 900 874 ADNOTATIONES
941 815 1039 874 AD
1082 815 1473 876 SVPPLICES.

183 1087 222 1122 In
245 1085 471 1133 Supplicibus
502 1098 587 1121 usus
617 1097 694 1121 sum
723 1085 909 1133 scripturis
931 1086 1094 1121 codicum
1117 1086 1264 1122 Medicei
1287 1087 1369 1133 (M),
1402 1087 1665 1135 Guelferbytani

185 1142 264 1188 (G),
289 1142 434 1176 Parisini
456 1142 531 1187 (P),
562 1142 817 1177 Escorialensis
840 1142 910 1186 (E).
954 1142 1071 1177 Codex
1092 1142 1291 1183 Mecliceus,
1326 1148 1365 1177 ut
1385 1143 1504 1178 multis
1527 1144 1664 1179 indiciis

184 1198 434 1243 cognoscitur,
464 1197 665 1244 descriptus
687 1203 741 1232 est
764 1208 804 1232 ex
824 1197 914 1232 libro
936 1197 1063 1232 litteris
1087 1198 1266 1243 quadratis
1289 1199 1443 1244 scripto,
1477 1199 1572 1245 quod
1593 1211 1665 1235 non

185 1252 463 1288 obliviscendum
498 1259 553 1287 est
583 1258 681 1288 recte
712 1264 753 1287 eo
784 1252 835 1287 uti
864 1252 1077 1287 volentibus.
1133 1252 1181 1287 Ex
1203 1253 1361 1288 Mediceo
1385 1253 1586 1301 descriptus
1609 1260 1665 1290 est

185 1307 492 1354 Guelferbytanus,
517 1319 621 1354 quem
644 1308 718 1354 ipse
741 1307 887 1342 contuli.
930 1308 1120 1348 Parisinus,
1144 1319 1162 1342 a
1184 1308 1388 1343 Wellauero
1410 1309 1528 1344 littera
1548 1310 1573 1344 L
1596 1322 1665 1345 no-

184 1368 298 1404 tatus,
331 1374 436 1409 quem
466 1368 502 1398 et
522 1364 695 1398 Antonius
716 1363 902 1397 Askewius
925 1368 961 1398 et
983 1362 1204 1397 Godosredus
1228 1363 1397 1398 Faehsius
1420 1365 1661 1407 contulerunt,

182 1418 317 1454 fontem
348 1418 470 1453 habuit
499 1418 597 1453 illum
626 1419 810 1464 antiquum
831 1417 979 1457 librum,
1013 1429 1053 1452 ex
1076 1429 1145 1464 quo
1169 1418 1369 1465 descriptus
1392 1424 1447 1454 est
1468 1420 1660 1456 Mediceus.

183 1474 231 1509 De
254 1474 307 1508 liis
329 1473 426 1508 libris
449 1474 552 1509 sicuti
575 1473 617 1508 de
640 1473 852 1508 editionibus
871 1473 1023 1519 antiquis
1041 1473 1190 1519 diligens
1208 1479 1262 1508 est
1279 1474 1471 1520 disputatio
1488 1475 1662 1511 Guilielmi

183 1529 477 1565 Marckschess'elii
498 1529 533 1564 in
549 1529 728 1564 Welckeri
750 1534 785 1563 et
802 1528 983 1564 Ritschelii
1000 1529 1121 1563 Museo
1144 1529 1362 1575 philologico
1384 1530 1452 1565 vol.
1466 1531 1504 1565 V.
1547 1531 1662 1566 Esco-

182 1585 343 1620 rialensis
373 1585 506 1620 codicis
536 1585 761 1620 collationem
792 1584 913 1630 accepi
943 1596 961 1619 a
983 1584 1162 1619 Friderico
1185 1584 1339 1626 Dietzio,
1372 1596 1478 1631 quem
1499 1586 1662 1621 videntur

184 1641 356 1687 quaedam
378 1640 526 1686 fugisse.
568 1640 631 1674 Est
652 1640 709 1675 ille
731 1640 806 1674 sine
828 1639 934 1674 dubio
957 1651 997 1675 ex
1015 1640 1171 1674 Parisino
1196 1640 1409 1687 descriptus.
1450 1641 1488 1676 In
1505 1642 1660 1677 editione

181 1696 306 1731 Aldina
328 1696 539 1731 Franciscus
561 1696 737 1730 Asulanus
769 1701 938 1742 quattuor
959 1695 1181 1741 tragoedias,
1218 1707 1308 1742 quae
1329 1696 1434 1742 vulgo
1455 1703 1660 1743 postremae

182 1757 276 1791 sunt,
300 1762 341 1786 ex
362 1751 485 1786 codice
509 1751 781 1798 Guelferbytano
805 1751 1005 1797 descripsit,
1029 1751 1134 1797 idque
1157 1762 1227 1785 non
1248 1751 1355 1786 modo
1375 1758 1549 1798 perpetua
1572 1764 1661 1788 con—

182 1807 327 1852 spiratio
350 1817 430 1841 cum
450 1807 508 1841 illo
532 1807 667 1847 codice,
699 1806 761 1841 sed
782 1807 835 1841 vel
856 1806 1003 1841 maxime
1026 1806 1211 1841 confirmat
1232 1806 1356 1853 ingens
1379 1818 1546 1842 numerus
1569 1808 1660 1843 scri-

181 1867 386 1908 pturarum,
418 1862 452 1896 in
482 1861 610 1907 quibus
632 1861 807 1896 Asulanus
830 1862 963 1896 codicis
985 1861 1125 1906 legendi
1148 1862 1322 1907 imperitia
1344 1862 1386 1896 ab
1410 1863 1570 1908 exemplo
1593 1874 1658 1898 suo

182 1917 375 1957 aberravit,
405 1917 512 1952 veluti
541 1928 647 1962 quum
668 1927 787 1962 μενος
806 1916 1072 1963 participiorum
1095 1928 1136 1951 eo
1160 1917 1372 1962 compendio
1395 1918 1566 1963 scriptum
1590 1924 1656 1959 est,

182 1972 277 2018 quod
305 1972 353 2007 illi
373 1983 465 2018 μιος
485 1983 563 2006 esse
585 1971 780 2006 videbatur.
821 1972 994 2006 Adrianus
1016 1971 1199 2006 Turnebus
1223 1972 1333 2007 solam
1355 1972 1478 2007 habuit
1498 1973 1657 2008 Aldinam

182 2039 286 2074 quam
309 2033 531 2073 sequeretur.
574 2027 657 2062 Eius
679 2027 735 2061 ille
758 2027 823 2062 alia
844 2028 925 2062 vitia
945 2033 1042 2062 recte
1066 2027 1229 2067 correxit,
1254 2027 1319 2062 alia
1341 2033 1457 2062 autem
1480 2029 1657 2074 permulta

180 2082 375 2118 incredibili
407 2083 606 2118 temeritate
629 2088 734 2129 atque
756 2083 894 2117 inscitia
917 2094 980 2117 suo
1002 2082 1131 2117 iudicio
1153 2083 1310 2117 mutavit.
1352 2083 1562 2119 Franciscus
1586 2085 1657 2119 Ro-

180 2137 354 2173 bortellus
384 2139 449 2173 nisi
478 2138 593 2184 ipsum
623 2138 783 2173 codicem
806 2138 1021 2179 Mediceuni,
1045 2135 1142 2173 certe
1165 2139 1269 2172 alium
1291 2138 1339 2173 illi
1361 2139 1571 2173 simillimum
1595 2151 1657 2174 ex—

179 2194 322 2240 pressit.
366 2193 476 2236 Quem
509 2194 566 2228 ille
595 2194 629 2228 in
650 2193 869 2240 praefatione
891 2193 1033 2228 brevem
1054 2193 1205 2228 indicem
1227 2200 1382 2228 mutatae
1403 2195 1457 2229 wl
1479 2194 1520 2229 ab
1544 2206 1580 2229 se
1603 2195 1656 2230 1·οΙ

180 2260 199 2283 a
216 2249 385 2284 Michaele
401 2249 580 2296 Sophiano
603 2250 800 2295 scripturae
817 2249 956 2289 adiecit,
980 2249 1101 2295 augeri
1116 2249 1233 2295 potuit
1248 2249 1382 2295 aliquot
1398 2250 1498 2285 locis,
1538 2250 1656 2293 Quae—

181 2304 260 2338 dam
282 2309 391 2345 certe,
415 2305 478 2339 sed
498 2315 592 2346 raro,
614 2305 690 2351 ipse
713 2305 755 2340 de
777 2316 841 2340 suo
863 2305 1025 2351 posuerit
1039 2316 1186 2339 necesse
1205 2310 1271 2339 est.
1313 2306 1350 2339 ln
1362 2305 1562 2339 Victoriana
1579 2305 1656 2340 edi-

181 2359 276 2394 tione
297 2359 378 2394 vitia
398 2359 543 2394 Aldinae
563 2360 774 2406 plerumque
797 2371 838 2394 ex
858 2359 1053 2394 Robortelli
1076 2360 1229 2394 editione
1252 2359 1437 2394 emendata
1459 2365 1553 2394 sunt.
1595 2360 1655 2395 Vi-

181 2414 375 2449 ctorianam
397 2414 469 2449 sere
491 2420 636 2449 secutus
659 2421 713 2449 est
734 2414 939 2450 Guilielmus
955 2414 1138 2453 Canterus,
1163 2414 1221 2459 qui
1241 2414 1375 2460 primus
1398 2415 1654 2461 antistroplnca

182 2475 350 2515 quantum
373 2475 515 2515 poterat
537 2469 702 2505 distinxit.
744 2470 885 2504 Canteri
906 2475 1021 2503 textus
1044 2469 1216 2515 repetitus
1238 2475 1292 2504 est
1313 2470 1347 2503 in
1370 2469 1523 2505 editione
1547 2470 1654 2506 Stan-

180 2524 313 2565 leiana,
344 2524 446 2571 isque
468 2525 637 2571 deinceps
658 2525 819 2571 vulgatus
841 2530 956 2559 textus
977 2524 1186 2559 habebatur.
1228 2524 1315 2559 Eum
1336 2525 1447 2571 magis
1468 2527 1652 2572 magisque

179 2579 437 2626 perturbarunt
465 2580 577 2614 critici
597 2591 662 2626 pro
685 2592 747 2615 sua
769 2581 919 2627 quisque
941 2580 993 2614 vel
1017 2580 1162 2614 scientia
1184 2580 1237 2614 vel
1258 2580 1400 2627 ingenio
1421 2581 1475 2615 vel
1496 2581 1650 2616 libidine.

183 2635 341 2678 Quorum
369 2646 431 2670 eos
463 2641 634 2677 conatus,
668 2636 727 2682 qni
753 2636 807 2671 vel
835 2635 913 2670 salsi
940 2636 993 2670 1·οΙ
1023 2635 1098 2670 vani
1127 2634 1180 2669 vel
1208 2636 1318 2682 inepti
1348 2636 1402 2671 vel
1423 2636 1534 2671 insani
1557 2642 1649 2677 sunt,

181 2690 346 2726 oblivioni
378 2691 632 2738 relinquendos
663 2692 755 2727 duxi.
804 2691 940 2727 Pariter
967 2691 1098 2742 ubi—*lde
1128 2690 1291 2727 codicum
1314 2692 1489 2738 scriptura
1512 2698 1652 2728 constat

1339 2756 1353 2786 1
1367 2754 1387 2775 *
