1878 3115
215 225 296 265 350
786 232 1131 266 ADNOTATIONES

216 338 322 372 Turn.
372 337 545 371 Omittunt
573 336 664 370 lianc
693 346 817 370 vocem
846 336 940 382 Lips.
963 336 1097 371 Arund.
1120 336 1386 373 Cantabr.1.2.
1409 338 1487 372 Par.
1499 338 1536 374 F.
1585 339 1622 373 In
1655 339 1694 373 G.

214 406 232 428 a
256 405 328 428 see.
351 404 457 427 manu
486 402 592 438 supra
615 391 794 437 adscripta
816 397 882 426 est.
935 383 1005 426 ἅδ’
1030 397 1066 427 et
1086 392 1120 426 iu
1142 398 1315 438 sequente
1337 404 1441 427 versu
1463 388 1544 441 ἆρὰ
1564 394 1693 429 Pauli.

215 445 262 482 ul*
277 449 320 483 M.
346 447 408 482 sed
430 441 515 482 αἵδ’
540 453 595 481 est
615 447 649 481 iu
671 446 836 482 lemmate
859 447 998 483 scholii.
1104 441 1370 495 ἀπηλάλαξαν
1388 448 1489 484 vind.
1503 450 1539 485 2.
1553 451 1590 486 4.

214 505 374 539 Praestat
395 503 547 537 sortasse
569 502 727 537 scribere

413 556 635 594 τελευταῖαι
659 552 700 592 δ’)
723 552 980 605 ἐπηλάλαξαν

417 609 511 662 ἀραὶ
533 609 603 649 τὸν
623 608 716 656 ὀξὺν
738 608 871 660 νόμον.

328 671 419 707 928.
452 665 740 718 τετραμμένον,
763 670 805 704 ad
824 681 870 704 ov
891 681 997 716 supra
1020 670 1199 717 adscripto
1218 681 1274 716 ον,
1296 670 1392 717 Lips.
1421 665 1696 719 τετραμμένον

214 725 302 760 Rob.
417 738 498 760 παν
503 721 641 775 τρόᾳῳ
662 725 699 759 Ρ·
700 737 739 759 ir.
751 725 788 760 C.
905 726 1014 775 φυγῇ
1033 725 1196 761 Cantabr.
1212 727 1247 761 2.
1354 726 1425 761 τοῦ
1446 722 1582 773 γένους
1602 725 1691 760 Rob.

326 782 418 818 929.
451 776 587 840 ἕστηκε
615 776 948 827 Ι,1])3.ἓ-’σῖακεν,
983 793 1090 827 supra
1112 782 1292 828 adscripto
1316 778 1340 815 d
1359 787 1442 828 post
1464 794 1504 826 ν,
1534 781 1578 815 Μ.

212 831 311 884 ἄτης
339 837 434 883 Lips.
484 828 665 878 α’παιτας
695 837 771 871 Par.
793 836 831 871 Ε.
954 830 1148 886 τρόπαῖον
1175 837 1225 872 sic
1248 837 1292 871 M.
1343 832 1539 886 τρόπαιον
1567 837 1690 872 ceteri.

323 889 364 927 ἐν
383 886 528 934 πύλαις
548 892 677 926 omittit
698 892 775 926 Par.
788 892 829 926 lt.

325 949 418 984 930.
450 944 656 982 ἒθὲίιάνῖο
679 947 746 981 Vit.

325 1004 417 1039 931.
449 996 685 1051 κρατήσασα
716 1002 815 1036 Colb.
844 1004 876 1037 1.
1001 996 1112 1049 ἔληξε
1142 997 1300 1048 (δαίμων
1329 1001 1373 1036 Μ.
1404 1001 1471 1036 Vit.
1493 1002 1588 1048 Lips.
1610 1001 1689 1037 Ald.

211 1058 299 1093 Rob.
322 1059 428 1093 Turn.
469 1051 579 1103 E'hsg'
603 1052 622 1092 ὃ
646 1053 803 1103 ὁάιζιιων
824 1057 862 1092 G.
887 1056 1051 1092 Cantabr.
1070 1059 1102 1092 1.
1118 1058 1154 1093 2.
1177 1057 1337 1093 Mosc.2.
1360 1057 1437 1092 Par.
1449 1058 1488 1092 A.
1501 1057 1538 1092 B.
1551 1057 1592 1092 H.

324 1115 416 1150 932.
451 1113 547 1156 Quae
570 1113 651 1147 hinc
672 1124 786 1159 usque
808 1115 849 1147 ad
873 1114 1008 1149 v.968.
1031 1112 1216 1159 leguntur,
1248 1113 1281 1147 in
1310 1112 1399 1147 libro
1421 1113 1479 1147 ΙΙΙ.
1503 1113 1545 1147 de
1566 1113 1689 1147 metris

210 1170 337 1216 insigni
358 1169 558 1204 temeritate
580 1168 614 1202 iu
636 1168 741 1202 alium
763 1168 923 1203 ordinem
944 1168 1173 1214 redegeram,
1203 1173 1243 1203 ut
1271 1168 1496 1203 restituerem
1519 1168 1690 1203 antistro-

208 1226 325 1271 phica.
380 1225 537 1259 Fuerunt
558 1224 683 1270 aliqui,
722 1223 848 1270 quibus
869 1224 1136 1270 persuaderem.
1191 1223 1372 1270 Perpauea
1394 1229 1530 1259 tantuin
1551 1234 1687 1265 eorum,

210 1292 299 1327 quae
324 1286 394 1315 tum
416 1280 567 1327 protuli,
601 1290 682 1314 vera
703 1285 797 1314 sunt.
852 1279 1020 1314 Versibus
1043 1290 1128 1314 sane
1149 1279 1415 1325 antistrophicis
1435 1279 1502 1314 hac
1524 1290 1688 1314 sororum

208 1336 479 1371 lamentationes
502 1336 713 1376 decurrunt,
749 1340 784 1370 et
804 1334 902 1369 initio
925 1335 1086 1381 quidem,
1120 1335 1213 1381 quod
1243 1335 1425 1381 praeclare
1447 1334 1490 1369 ab
1511 1335 1687 1381 Aeschylo

208 1392 408 1426 institutum
438 1397 511 1432 est,
549 1391 599 1426 sic
620 1396 660 1426 ut
680 1401 805 1437 pressa
827 1391 949 1425 dolore
972 1396 1117 1437 pectora
1148 1390 1233 1425 nihil
1254 1390 1320 1424 nisi
1340 1390 1600 1436 respondentes
1621 1390 1687 1425 sibi

209 1448 383 1494 singultus
404 1447 606 1493 proferant:
630 1446 748 1493 paullo
770 1451 872 1492 post,
895 1446 1009 1492 primo
1033 1445 1165 1481 doloris
1188 1446 1322 1492 impetu
1343 1451 1510 1492 superato
1524 1473 1532 1487 ‚
1554 1446 1686 1492 largius

207 1503 402 1537 funduntur
427 1502 647 1548 longioribus
677 1502 834 1548 strophis
865 1501 1048 1547 querelae:
1086 1501 1238 1547 denique
1267 1502 1483 1538 succedente
1511 1501 1688 1536 maestitia

205 1559 329 1605 paucis
350 1558 513 1592 brevibus
536 1558 692 1603 strophis
713 1557 917 1592 lamentatio
939 1557 1118 1603 paullatim
1137 1557 1311 1591 consistit.
1341 1557 1519 1592 Personae
1535 1557 1569 1591 in
1585 1556 1682 1591 libris

206 1625 278 1649 non
306 1613 436 1659 ubique
466 1618 563 1648 recte
595 1613 781 1647 distinctae
812 1618 905 1647 sunt.
964 1612 1067 1647 Certa
1088 1618 1206 1647 tamen
1228 1612 1261 1646 in
1282 1612 1351 1647 hoc
1372 1623 1503 1658 genere
1525 1612 1684 1658 suppetit

205 1670 308 1705 ratio.
349 1669 502 1704 Primum
526 1668 617 1703 enim
640 1669 867 1714 stropharum
890 1679 1025 1702 summa
1053 1667 1246 1714 requiritur
1265 1667 1508 1713 aequabilitas.
1551 1666 1683 1702 Deinde

205 1725 380 1771 Polynieis
401 1725 548 1759 maxime
571 1735 691 1759 casum
708 1724 894 1769 Antigona,
917 1723 1072 1758 Eteoelis
1093 1723 1232 1758 Ismena
1253 1723 1362 1758 dolet.
1393 1723 1578 1758 Postremo
1599 1727 1685 1757 natu

204 1781 318 1815 maior
337 1780 533 1826 Antigona,
557 1779 752 1825 eademque
775 1779 968 1813 excelsiore
989 1778 1149 1825 praedita
1169 1778 1300 1819 indole,
1325 1778 1454 1824 ubique
1475 1778 1600 1825 praeit,
1624 1789 1685 1813 se-

205 1836 342 1871 cundae
362 1841 483 1882 partes
504 1835 636 1882 ubique
658 1840 740 1869 suut
756 1835 927 1875 Ismenae,
951 1834 1066 1869 sorori
1087 1834 1350 1880 respondentis.
1380 1834 1418 1869 In
1434 1834 1548 1880 primo
1565 1844 1681 1874 versu,

206 1892 264 1938 qui
285 1891 443 1938 proodus
467 1896 532 1931 est,
556 1890 660 1925 verba
682 1886 872 1932 παισθεὶς
891 1885 1060 1931 ἔπαισας
1079 1889 1114 1924 in
1130 1889 1174 1924 M.
1193 1889 1232 1924 G.
1250 1889 1317 1924 Vit.
1339 1890 1498 1924 Ismenae
1519 1889 1685 1924 tribuun-

204 1953 273 1987 tur,
296 1947 431 1992 reliqua
451 1958 574 1981 versus
596 1957 677 1992 pars
694 1945 902 1991 Antigonae,
927 1951 962 1980 et
983 1945 1033 1979 sie
1054 1945 1088 1979 in
1107 1945 1146 1980 G.
1162 1945 1229 1979 Vit.
1245 1955 1359 1991 usque
1381 1944 1425 1979 ad
1439 1957 1470 1980 V.
1485 1945 1577 1981 938.
1598 1955 1682 1991 per-

206 2013 313 2037 sonae
336 2007 490 2036 mutatae
513 2006 615 2036 sunt:
639 2001 673 2035 in
695 2001 739 2035 M.
761 2000 911 2035 lineolae
933 2000 1145 2046 adscriptae.
1200 2001 1238 2035 ln
1259 2000 1336 2035 Ald.
1359 2000 1448 2035 Rob.
1470 2000 1575 2035 Turn.
1597 2011 1683 2046 per—

205 2068 313 2092 sonae
342 2061 440 2091 recte
469 2056 690 2091 distributae.
815 2049 974 2096 ἕκτανες
994 2055 1122 2089 Pane.
1144 2055 1278 2089 Ask.A.
1403 2049 1613 2090 κάκτανών
1640 2055 1679 2089 G.

204 2107 361 2148 κτανών
380 2112 458 2146 Pii.
471 2111 512 2146 K.
536 2111 621 2145 Ven.
636 2112 671 2146 2.
694 2110 794 2144 Vinil.
812 2112 844 2145 1.
885 2105 1028 2144 &maht
1047 2109 1131 2144 Ask.
1142 2111 1181 2144 A.

317 2168 410 2204 933.
433 2168 525 2203 934.
559 2163 652 2201 doctl
670 2179 690 2201 T
724 2161 892 2207 ἐκταιες.
934 2161 1026 2199 ὸοοί
1043 2177 1064 2200 T
1098 2160 1242 2206 ἔθανες
1263 2165 1302 2199 G.
1345 2160 1433 2212 ὁοοὶ
1456 2157 1499 2198 δ’
1523 2159 1678 2206 ἔθανες.

205 2219 291 2271 δορὶ
315 2217 355 2257 ὁ
380 2218 653 2268 ἐκταιες131ρ3.
713 2215 1320 2269 Ceteiidootd'2'zzcs1eg.<5092
1344 2213 1385 2254 ‹l'
1404 2215 1560 2262 i‘mffaveg
1610 2220 1677 2254 Pro

205 2274 362 2320 ἔκτανες
383 2278 508 2324 scripsi
530 2273 675 2320 ἔκανες,
699 2276 792 2322 quod
815 2281 966 2311 menum
987 2276 1148 2322 lequirit.

317 2335 408 2370 935.
439 2327 704 2380 μελαιόπονος
723 2332 818 2378 Lips.

315 2390 407 2425 936.
438 2387 513 2435 με).
517 2383 690 2430 εοπαθὲς
710 2388 787 2422 Par.
802 2387 841 2421 Ε.
884 2387 1020 2421 Omittit
1041 2387 1131 2421 hanc
1152 2396 1275 2421 vocem
1295 2385 1390 2431 Lips.

316 2446 408 2481 937.
433 2445 524 2481 938.
557 2439 628 2478 ἷῐω
655 2436 758 2491 γόος.
794 2438 866 2477 ι’ῑω
896 2438 1024 2491 δάκοι
1019 2454 1054 2475 α
1084 2442 1128 2476 Μ.
1160 2441 1199 2476 G.
1223 2441 1289 2475 Vit.
1311 2440 1444 2475 Arund.
1467 2439 1576 2474 Mose.
1595 2441 1625 2474 l.
1640 2440 1676 2475 2.

202 2501 278 2534 Par.
292 2502 329 2534 A.
343 2500 381 2534 Β.
391 2500 430 2534 Ε.
442 2500 482 2534 Κ.
494 2499 534 2534 N.
552 2499 651 2534 (30111.
670 2501 700 2534 1.
719 2499 837 2545 regius
856 2498 1072 2544 Spanhemii.
1105 2492 1175 2532 ἴτω
1197 2490 1366 2544 ὸάκουα.
1396 2507 1466 2530 ιτω
1486 2488 1580 2542 γόος
1598 2494 1676 2529 Ald.

203 2550 517 2589 R0}›.T111n.3‘m
540 2548 697 2601 ὁάκιηα
718 2555 877 2589 lsmenae
900 2553 1021 2587 tribuit
1036 2553 1131 2598 Lips.
1155 2552 1189 2586 in
1211 2562 1281 2597 quo
1304 2546 1374 2586 ἴτω
1394 2545 1487 2598 ῃόος
1507 2550 1677 2585 omissum

203 2615 285 2643 est..
385 2610 619 2644 scribendum
641 2620 719 2643 esse
743 2603 872 2657 ddum>
893 2608 997 2643 etiam
1019 2608 1265 2643 Lachmannus
1287 2606 1381 2641 vidit.

315 2666 406 2700 939.
439 2666 615 2700 Personae
638 2671 721 2699 nota
743 2664 871 2699 abest
864 2675 899 2698 in
920 2663 987 2697 Vit.
1092 2663 1117 2696 l
1122 2662 1186 2696 ibri
1207 2657 1470 2709 ποοκείσεῑαι,
1493 2660 1557 2694 nisi
1580 2658 1675 2704 quod

202 2716 475 2764 προσκείσεται
504 2720 612 2754 hahet
633 2720 710 2754 Par.
728 2720 766 2754 E.
817 2715 1103 2768 ποοκείσεσθαι
1127 2718 1165 2752 G.
1217 2716 1450 2751 Seribenduui
1480 2719 1556 2749 erat
1574 2707 1676 2762 πρό-
