1878 3115
738 185 793 217 Αο
819 185 1087 218 EVMENIDES.
1580 176 1655 216 (501

179 287 530 354 θεοΐς.Ε1ο1·51115,
554 294 593 323 ut
615 288 655 323 O.
680 288 846 324 Miilleius
868 289 989 330 iesert,
1013 288 1240 324 scribendum
1264 289 1417 324 coniecit
1439 282 1662 323 ἀθανάτων

178 337 246 378 ἄπ
269 339 370 390 ἔχειν
389 340 518 393 γέρας.
566 344 748 390 Perspexit
768 345 851 379 xitio
873 344 1035 380 laborare
1057 344 1167 379 libioi
1170 356 1227 379 11111
1250 345 1475 391 sciipiurarn,
1507 344 1570 379 sed
1592 336 1659 378 ἄπ’

177 393 278 445 ἔχειν
297 410 368 434 11011
388 399 478 435 bene
501 410 566 435 nec
588 399 777 446 perspicue
799 400 930 435 dictum
954 406 1020 435 est.
1077 399 1309 435 Scribendum
1333 406 1408 435 erat
1439 392 1662 435 ἀθανάτων

178 448 253 500 δίχ’
277 449 379 502 ἔχειν
397 451 526 503 γέρας.
567 455 603 489 In
626 454 695 490 fine
716 466 838 490 versus
861 452 968 491 ἐστὶν
988 456 1091 490 Farn.
1134 455 1250 491 Ceteri
1272 451 1366 491 ἐστι’.

292 521 384 557 347.
416 517 644 569 συνδαίτωρ
666 521 842 563 Turn.'et‚
865 527 904 557 ut
925 522 1092 557 Franzius
1115 522 1210 563 dicit,
1234 521 1327 557 Flor.
1376 515 1589 571 συνδάῑωρ
1613 521 1657 556 Μ.

178 575 216 609 G.
239 575 318 610 Par.
342 576 426 611 Ven.
449 577 552 612 Farn.
574 576 651 611 Ald.
675 576 764 611 Rob.

291 642 382 678 348.
421 642 516 677 Libri
552 636 786 677 πανλεύκων
822 643 889 685 (sic
917 643 959 678 Μ.
995 643 1034 678 G.
1067 639 1145 678 Ald.
1179 636 1415 678 παλλεύκων
1441 643 1526 678 Ven.
1564 642 1657 678 Flor.

178 695 265 730 Rob.
288 696 411 742 Turn.)
442 693 485 732 δὲ
513 693 674 732 πέπλων
699 693 703 746 Ι
732 692 903 744 ἄμοιρος
931 691 1106 746 ἄκληρος
1133 692 1323 745 ἐτύχθην.
1374 699 1461 733 Male
1498 699 1585 733 haec
1623 704 1659 733 et

176 750 218 786 ab
241 751 315 786 aliis
337 757 486 787 tractata
509 758 591 787 sunt
612 758 647 787 ct
668 764 685 787 a
708 752 901 788 Dindorfio.
963 752 1114 799 Scripsi,
1147 759 1185 788 ut
1218 753 1299 788 olim
1329 754 1362 788 in
1386 755 1518 801 Opusc.
1538 754 1592 789 Vl.
1621 755 1657 790 2.

175 818 210 852 p.
233 808 296 843 68.

230 856 466 897 παλλεῦκων
481 858 642 898 πέπλων
663 857 704 898 δ’
727 856 1010 912 *ἀγέραστος*
1033 856 1204 912 ἄμοιρος
1226 856 1401 913 ἆκλῃρος
1421 857 1611 911 ἐτύχθην.

289 930 380 965 349.
414 923 616 976 δωμάτων
634 929 712 964 Ald.
734 929 840 965 Turn.
886 925 1077 976 δομάτων
1098 930 1141 965 Μ.
1166 931 1205 965 G.
1230 930 1314 965 Ven.
1338 931 1431 965 Flor.
1455 930 1544 965 Rob.

289 986 380 1021 350.
413 977 510 1020 ὅταν
530 985 608 1019 Ald.
630 985 737 1020 Turn.
782 978 839 1020 ὅτ’
863 980 914 1020 ἄν
933 985 977 1020 Μ.
1001 986 1040 1021 G.
1063 986 1149 1021 Ven.
1172 986 1266 1020 Flor.
1290 986 1379 1021 Roh.

289 1042 380 1076 351.
413 1036 587 1082 τιθασὸς
615 1041 796 1075 Porsonus
826 1046 861 1076 et
891 1041 940 1076 sic
970 1042 1047 1076 Par.
1101 1038 1275 1083 τίθασος
1294 1042 1400 1076 Turn.
1459 1038 1659 1084 τίθασσος

174 1094 262 1130 Rob.
311 1093 492 1138 πίθασος
511 1096 555 1131 Μ.
579 1097 619 1131 G.
641 1096 718 1131 Ald.
742 1102 777 1131 et
798 1097 945 1131 Franzio
967 1102 1060 1132 teste
1083 1097 1168 1132 Ven.
1191 1097 1285 1132 Flor.
1334 1094 1542 1139 πίθασσος
1562 1098 1655 1132 Flor.

174 1156 212 1185 ut
232 1151 461 1186 Linwoodius
484 1152 542 1193 ait,
567 1157 602 1186 et
623 1152 782 1187 Bekkero
807 1157 896 1187 teste
921 1153 1004 1188 Ven.
1045 1148 1253 1195 πιθασσὸς
1271 1153 1374 1187 Farn.
1416 1153 1504 1188 Male
1527 1147 1573 1188 ὃν
1591 1165 1657 1200 pro

173 1199 230 1241 ὤν
251 1206 407 1242 Stanleio
431 1207 501 1242 sixe
522 1208 642 1254 potius
665 1210 795 1242 Aurato
819 1207 1044 1243 sciibendum
1067 1208 1263 1243 videbatur.
1319 1208 1450 1244 Deinde
1473 1205 1591 1258 ([ίλος
1611 1209 1656 1243 Μ.

174 1262 214 1297 G.
240 1262 315 1297 rai.
338 1263 423 1298 Vcn.
448 1263 540 1298 Flor.
564 1263 638 1298 Ald.
662 1263 750 1298 Roh.
792 1263 900 1298 Recte
923 1263 1106 1298 Turnebus
1129 1261 1259 1313 ([ιὶον.

288 1319 520 1354 352—354.
553 1315 614 1353 ἐπὶ
645 1313 714 1354 τὸν
743 1319 774 1354 (ὑ
797 1313 975 1365 διόιιειαι
997 1320 1041 1354 Μ.
1065 1319 1154 1355 Roh.
1204 1316 1265 1355 ἔπι
1289 1314 1369 1364 τόι,
1401 1331 1445 1363 ω,
1477 1312 1656 1366 διόμεναι

175 1374 214 1408 G.
242 1373 320 1408 ΑΜ.
382 1370 442 1409 ἐπὶ
474 1368 543 1409 τὸν
571 1368 602 1408 ὦ
633 1370 810 1420 διόιιεναι
833 1352 926 1409 Flor.
950 1375 1053 1410 Farn.
1114 1371 1175 1410 ἐπὶ
1198 1371 1268 1410 τὸν
1289 1387 1320 1410 ω
1343 1346 1545 1421 διαίνομαι
1570 1375 1656 1410 Ven.

175 1428 394 1464 Sclioliastes
417 1425 483 1464 διὰ
504 1425 643 1476 μέσου,
672 1430 796 1477 inquit,
829 1426 874 1466 τὸ
898 1423 941 1465 ὠ.
988 1430 1172 1465 Tuinebus
1194 1431 1282 1466 haec
1305 1431 1351 1465 ita
1372 1430 1540 1471 mutavit,
1572 1427 1657 1465 ἔπι-

173 1479 300 1526 τόνοις
321 1479 512 1531 διόιιειαι
563 1486 725 1532 Sequens
754 1497 877 1520 versus
906 1487 939 1521 in
969 1486 1066 1521 libris
1098 1486 1143 1521 ita
1178 1487 1331 1533 scriptus
1355 1492 1430 1527 est,
1462 1480 1659 1535 κρατερὸν

172 1533 262 1575 ὄνθ’
286 1535 447 1586 ὃμοιᾝως
497 1540 628 1576 Deinde
648 1542 887 1589 μαῑροῦμεν
905 1536 974 1609 ὑφ
998 1554 1022 1576 α
1035 1539 1170 1588 ’ματος
1191 1538 1278 1577 νέου
1301 1542 1408 1585 (νεοῦ
1429 1541 1522 1586 11111.)
1546 1541 1590 1576 M.
1615 1543 1655 1576 G.

171 1595 781 1646 Α1(1.Βο1).Τ111·11.μαυροῦμεν
815 1591 875 1646 ἐφ
906 1593 1080 1643 αἳματος
1108 1594 1195 1633 ιέοι
1217 1598 1295 1632 Par.
1322 1597 1408 1632 V.en
1434 1597 1528 1632 Flor.
1550 1597 1655 1632 Farn.

170 1650 301 1692 Aliter,
333 1657 439 1698 atque
461 1652 495 1686 in
518 1652 716 1698 opusc.vl.
737 1653 772 1688 2.
795 1664 830 1699 p.
846 1654 909 1689 73.
932 1653 1020 1693 feci,
1050 1654 1116 1688 hos
1147 1665 1270 1688 versus
1303 1653 1544 1688 emendandos
1575 1664 1657 1688 esse

172 1706 306 1741 censui.
357 1707 501 1742 Certum
524 1713 579 1742 est
600 1719 671 1742 non
694 1708 880 1754 scripsisse
902 1709 1114 1754 Aeschylum
1136 1709 1374 1757 μα1.·ροῦ,ιιεν
1393 1703 1462 1756 ὑφ’
1487 1708 1555 1747 (vel
1577 1702 1655 1757 ἐφ’)

172 1758 344 1807 αἵματος
364 1758 465 1798 νέου.
514 1762 599 1797 Nam
628 1763 697 1797 hoc
727 1769 841 1798 metro
863 1763 997 1809 pariter
1018 1775 1057 1798 ac
1081 1765 1279 1798 sententiae
1300 1769 1488 1809 repugnat.
1539 1764 1656 1806 Quare

169 1811 239 1865 ὑφ’
263 1814 435 1862 αἳματος
456 1813 543 1852 νέου
566 1829 606 1853 ex
627 1817 713 1852 salsa
735 1818 1028 1864 interpretatione
1051 1824 1168 1853 ortum
1191 1829 1282 1858 esse,
1304 1819 1518 1865 Aeschylum
1537 1824 1654 1853 autem

171 1872 358 1918 scripsisse
388 1873 555 1919 putabam
586 1869 646 1908 ἐπὶ
670 1867 758 1917 τόν,
788 1868 840 1918 ὤ,
873 1867 1052 1920 διόμεναι
1085 1869 1281 1923 κρατερὸν
1301 1866 1397 1908 ὄντα
1419 1868 1513 1921 περ,
1546 1866 1656 1920 ὅμως

169 1928 331 1975 μαιροῦ
333 1939 407 1974 μεν
428 1924 514 1964 νέον
534 1928 648 1974 αἱμα,
684 1934 724 1963 ut
745 1929 868 1964 Furiae
904 1940 942 1964 se
972 1929 1132 1964 diceient
1152 1929 1336 1964 iuvenilem
1359 1929 1565 1975 sanguinem
1588 1929 1655 1964 oh-

171 1994 328 2023 scurare,
352 1983 374 2018 i.
397 1995 428 2018 e.
451 1984 601 2019 iuvenile
622 1983 733 2019 robur
753 1990 920 2031 exsorpto
942 1985 1114 2031 sanguine
1136 1984 1312 2031 frangeie.
1354 1984 1396 2019 Et
1418 1984 1556 2019 videtur
1570 1985 1655 2022 mihi

173 2033 260 2073 νέον
280 2031 394 2085 αῗιια,
416 2040 482 2074 etsi
504 2040 711 2086 saepissime
735 2040 776 2075 de
799 2041 935 2075 recenti
957 2040 1065 2075 caede
1089 2040 1228 2081 dicitur,
1253 2040 1450 2087 significaie
1472 2052 1580 2087 posse
1599 2041 1657 2075 iu-

170 2093 318 2129 venilem
341 2095 568 2141 sanguinem,
600 2107 707 2142 quum
743 2089 915 2131 αὖτάδελ
908 2107 1000 2145 Jfov
1020 2088 1141 2142 αἷμα,
1173 2090 1357 2144 ζώφυτον
1385 2088 1486 2142 αἷμα
1515 2096 1655 2145 aliaque

171 2149 294 2184 similia
315 2161 387 2185 non
407 2162 488 2185 raro
510 2151 742 2186 inveniantur.
792 2151 921 2186 Tamen
943 2162 1037 2185 nunc
1059 2152 1129 2185 1-9ιί
1151 2151 1297 2185 similius
1318 2151 1450 2191 iudico,
1481 2152 1654 2197 sciiptum

171 2205 312 2250 quidem
334 2205 443 2240 fuisse
466 2202 552 2240 νέον
574 2198 695 2252 αἷμα,
726 2206 789 2240 sed
818 2206 887 2240 hoc
917 2206 1032 2251 ipsum
1063 2205 1313 2252 depravatione
1344 2212 1460 2242 ortum
1483 2206 1591 2241 fuisse
1614 2218 1654 2241 ex

172 2255 258 2294 νέον
286 2253 409 2306 ἅλμα.
458 2260 603 2306 Reliqua
635 2265 753 2295 autem
782 2260 916 2295 leniore
947 2261 1193 2296 emendatione
1223 2261 1352 2307 corrigi
1382 2266 1546 2307 possunt.
1602 2262 1653 2296 lta

171 2314 261 2349 enim
284 2315 509 2350 scribendum
532 2315 680 2356 videtur,

372 2377 432 2415 ἐπὶ
456 2375 536 2425 τόν,
561 2374 605 2425 ὦ,
629 2375 807 2444 διόμεναι

371 2431 568 2485 κρατερὸν
588 2432 634 2472 ὃν
653 2430 715 2472 ἔθ’
739 2430 891 2482 ὁμοίως

369 2503 454 2537 μαι
459 2492 606 2540 ροῦμεν
627 2487 712 2527 νέον
733 2483 855 2537 ἅλμα.

171 2558 217 2593 In
239 2569 338 2603 quem
361 2557 573 2601 (irruentesz
607 2557 702 2604 quod
733 2568 775 2592 eo
806 2557 942 2593 facilius
964 2558 1074 2593 taceri
1103 2559 1238 2605 potuit,
1272 2559 1351 2605 quia
1373 2552 1406 2594 ὤ
1426 2559 1651 2606 interrumpit

173 2613 397 2657 orationem),
432 2614 502 2653 hei,
528 2619 782 2660 persequentes
814 2616 1046 2649 obscuramus
1079 2617 1243 2661 quamvis
1263 2616 1429 2651 validum
1451 2617 1572 2651 adhuc
1593 2617 1651 2651 iu-

171 2669 324 2704 venilem
344 2669 487 2709 sallum,
510 2668 532 2703 i.
556 2680 586 2703 c.
609 2668 719 2703 robur
740 2668 904 2714 fugientis
927 2668 1132 2715 frangimus
1184 2670 1312 2704 Similis
1334 2682 1413 2705 mox
1435 2671 1469 2705 in
1490 2671 1544 2705 his
1567 2682 1650 2706 sen-
