1878 3115
232 210 310 248 112
791 212 1133 246 ADNOTATIONES

227 320 293 355 Vit.
316 320 393 354 Par.
416 319 452 353 B.
477 318 525 364 (in
547 329 616 364 quo
638 317 854 363 adscriptum
877 312 1001 366 φράζε
1024 311 1254 366 δυσπλάνῳ)
1277 321 1312 351 et
1333 316 1383 351 sic
1404 316 1484 351 inde
1506 328 1524 352 a
1541 315 1705 352 Turnebo

228 376 395 410 editores.

338 424 564 464 ‹tt-onzciumz
588 428 631 462 M.
654 438 724 462 non
748 422 946 476 δυστάνῳ,
968 433 1007 462 ut
1028 427 1192 461 Butlerus
1214 428 1273 461 ait.

339 487 430 520 610.
472 477 533 518 ὅτι
553 483 597 517 Μ.
620 483 687 518 vit.
711 483 795 517 Ven.
821 484 856 519 3.
880 483 959 517 edd.
983 488 1066 518 vett.
1109 476 1129 518 ὃ
1153 482 1191 517 G.
1214 482 1308 528 Lips.
1332 483 1421 528 Aug.
1445 482 1523 517 Par.
1542 482 1581 517 E.
1603 482 1704 517 Vind.

227 543 262 577 2.
287 543 322 576 4.
372 539 537 574 Restituit
565 532 660 587 ὅπερ
683 539 862 573 Porsonus
892 550 933 573 ex
954 539 1067 585 Etyin.
1091 538 1135 572 Μ.
1158 549 1193 584 p.
1220 539 1310 578 762,
1337 539 1399 574 30.
1432 543 1467 572 et
1489 537 1646 573 Gudiano
1669 549 1704 584 p.

228 597 317 636 532,
344 596 406 631 32.
436 594 495 629 uhi
525 594 580 629 hie
610 599 645 629 et
675 594 744 629 duo
775 599 966 640 sequentes
994 605 1117 629 versus
1147 599 1185 628 ut
1207 593 1395 639 Sophoclis
1418 594 1626 628 afferuntur.
1667 593 1705 628 In

225 652 337 698 Etyin.
361 650 449 685 Gud.
473 650 642 696 seriptum
667 655 721 684 est
742 645 862 698 τορόν
882 660 957 683 σοι.

338 707 430 742 612.
473 701 591 753 ([ίλον
611 710 692 740 ante
715 705 974 740 correctionem
996 704 1129 750 primae
1151 715 1276 738 manus
1297 704 1364 738 vit.

338 763 429 797 614.
470 761 560 795 Vsus
583 766 637 795 est
657 761 726 795 hoe
750 771 851 795 versu
874 760 1028 806 scriptor
1050 759 1178 794 Christi
1199 759 1365 805 patientis
1387 771 1417 794 ν.
1443 760 1535 795 699.

335 815 534 863 θνητοῖσι,
567 828 672 862 supra
704 816 883 862 adscripto
909 828 941 860 ν,
973 815 1017 850 Μ.
1068 814 1253 862 θνητοῖσι
1278 815 1316 850 G.
1334 815 1401 849 vit.
1424 815 1519 861 Lips.
1542 814 1642 849 Vind.
1668 816 1703 851 3.

225 873 304 907 edd.
328 877 411 907 vett.
451 871 634 919 βροτοῖσι
658 871 756 906 Coll).
782 872 816 906 2.
840 871 917 905 Par.
941 871 980 905 E.

339 929 430 963 615.
472 922 634 974 τλήμων
653 927 747 973 Lips.
771 928 858 972 Aug.

335 983 385 1017 Ad
409 979 522 1029 ὸίκην
542 982 575 1016 in
599 982 637 1016 G.
661 982 703 1016 ab
726 994 766 1017 ea
788 993 913 1022 manu,
946 992 1035 1027 quae
1063 981 1199 1016 scholia
1222 981 1383 1027 scripsit,
1421 980 1703 1027 superscriptum

217 1034 350 1087 χάριν,
373 1038 580 1083 scholioque
601 1038 792 1083 praefixum
815 1038 885 1071 τοῦ
901 1033 1032 1083 χάριν.
1073 1038 1111 1071 In
1135 1042 1230 1072 textu
1245 1032 1367 1085 χάριν
1387 1036 1484 1071 Colb.
1500 1037 1534 1072 2.
1554 1036 1653 1071 Vind.
1673 1038 1703 1072 1.

223 1106 282 1141 γρ.
299 1090 421 1141 χάριν
440 1093 517 1127 Pur.
540 1093 578 1127 B.
621 1093 783 1139 Sei-iptor
805 1092 932 1127 Christi
953 1093 1120 1138 patientis
1142 1104 1173 1127 v,
1199 1094 1290 1128 700.
1313 1093 1385 1127 τοῦ
1408 1088 1522 1139 δίκην
1540 1087 1706 1138 πάσχεις

222 1145 331 1193 w‘d'e,
354 1148 412 1183 uhi
434 1148 604 1182 mendose
628 1145 740 1195 δίκης
761 1148 907 1182 editum.

338 1205 428 1239 616.
470 1203 629 1238 Asserunt
658 1204 751 1238 hune
783 1213 921 1238 versun]
944 1203 1089 1237 Tzetzes
1112 1202 1155 1237 ad
1175 1203 1351 1249 Lycophr.
1380 1203 1468 1238 106.
1492 1207 1527 1237 et
1549 1202 1705 1238 scholia-

223 1265 295 1294 stes
317 1259 493 1293 Theocriti
515 1259 558 1293 ad
580 1259 633 1309 ΙΝ.
660 1260 722 1294 51.

336 1316 427 1350 617.
470 1309 541 1348 ‹Ji-z
563 1310 633 1348 οὖν
651 1316 740 1360 Aug.
764 1314 826 1348 sed
848 1314 942 1360 Lips.
966 1325 1046 1349 culn
1069 1313 1198 1348 ceteris
1221 1306 1378 1348 οὔκουν.

332 1365 450 1404 sarde
472 1370 565 1415 Lips.
589 1370 688 1404 Vind.
714 1371 750 1405 2.
772 1370 848 1404 Ald.
872 1369 961 1404 Roh.

336 1426 428 1461 618.
471 1422 609 1459 αἷτεΐῑι
630 1436 683 1471 pr.
706 1436 812 1459 manu
834 1425 877 1459 M.
903 1426 941 1460 G.
982 1424 1170 1471 Vulgatuin
1193 1421 1285 1473 αἶτῇ
1306 1435 1339 1459 ιι]
1361 1420 1557 1474 utroque}
1578 1434 1703 1459 corre-

223 1486 321 1515 ctore
344 1480 487 1515 sactum.
530 1477 651 1522 αἰτεῖς
670 1480 769 1514 Vind.
795 1481 829 1516 3.

334 1537 413 1570 πᾶν
432 1531 507 1583 γὰρ
530 1526 600 1569 οὖν
620 1531 768 1570 πύθοιό
788 1546 868 1581 μου
883 1535 926 1569 Μ.
962 1535 1041 1569 πᾶν
1060 1530 1136 1583 γὰρ
1157 1529 1307 1570 πύθοιό
1323 1545 1403 1581 μου
1419 1535 1486 1569 Vit.
1501 1534 1598 1569 Coll).
1618 1537 1649 1570 1.
1665 1535 1701 1571 2.

220 1586 352 1626 πάντα
378 1586 454 1640 γὰρ
482 1586 632 1625 πύθοιό
665 1602 733 1637 μοι
757 1591 796 1625 G.
819 1591 904 1625 Ven.
935 1592 964 1626 l.
989 1591 1049 1625 Ox.
1072 1590 1150 1624 Ald.
1172 1590 1261 1624 Roh.
1311 1591 1390 1624 πᾶν
1409 1585 1485 1638 γὰρ
1508 1585 1702 1626 ἐκπύθοιό

219 1658 299 1693 μου
320 1647 415 1692 Lips.
437 1648 525 1692 Aug.
544 1646 643 1680 Vind.
659 1647 694 1682 2.
709 1648 743 1682 3.
757 1648 792 1682 4.
816 1646 921 1680 Turn.
962 1657 1022 1693 γρ.
1044 1646 1124 1680 πᾶν
1142 1641 1218 1692 γὰρ
1241 1640 1289 1680 ἂν
1308 1641 1470 1680 πύθοιο.
1492 1657 1552 1694 γρ.
1570 1641 1703 1680 mina

220 1698 296 1749 γὰρ
318 1698 468 1736 πύθοιο
490 1702 566 1736 Par.
590 1702 627 1736 B.
677 1702 844 1737 Restituit
866 1701 1062 1736 Brunckius
1084 1702 1166 1735 πᾶν
1185 1696 1261 1750 γὰρ
1285 1695 1334 1735 ἂν
1355 1696 1505 1736 πύθοιο
1525 1712 1617 1748 μου.
1659 1701 1702 1736 Et

221 1757 359 1791 videtur
381 1757 430 1792 sic
452 1757 584 1792 hahere
606 1758 704 1792 Bess
727 1758 793 1792 nisi
815 1757 911 1803 quod
932 1757 965 1791 in
988 1768 1029 1791 eo
1051 1768 1118 1803 μοι
1141 1761 1207 1790 est.

335 1814 426 1848 619.
469 1806 654 1859 ὤχμασεν
669 1813 713 1848 Μ.
727 1813 792 1847 Vit.
805 1812 999 1859 Lips.A11g.
1013 1812 1177 1846 Cantahr.
1195 1813 1227 1847 1.
1269 1805 1430 1857 ὤχμασε
1449 1811 1488 1846 G.
1512 1811 1591 1846 edd.
1614 1817 1699 1847 vett.

335 1869 425 1903 620.
465 1864 672 1914 βούλευμα
700 1864 773 1915 μὲν
800 1863 845 1903 τὸ
880 1864 966 1902 δῖον
996 1868 1100 1903 etiam
1122 1867 1166 1902 M.
1214 1865 1255 1913 β.
1283 1863 1418 1913 μέντοι
1450 1862 1495 1902 τὸ
1526 1863 1612 1902 δῖον
1633 1867 1699 1903 vit.

219 1921 260 1968 β.
280 1919 354 1969 μὲν
374 1924 445 1958 τοῦ
467 1919 551 1964 &tog
571 1924 666 1969 Lips.
688 1926 776 1969 Aug.

334 1979 425 2014 621.
468 1978 556 2012 Vsus
579 1983 632 2013 est
653 1979 721 2013 hoc
743 1990 847 2013 versu
870 1981 1024 2025 scriptor
1045 1978 1174 2013 Christi
1195 1977 1361 2023 patientis
1383 1989 1413 2011 v.
1440 1979 1531 2013 701.

332 2029 468 2074 τείνεις
488 2033 526 2067 G.

336 2089 427 2124 624.
469 2085 510 2123 τί
527 2085 635 2123 ἔσται
658 2089 752 2135 Lips.
775 2090 863 2135 Aug.

335 2144 426 2179 625.
467 2154 528 2178 σοι
558 2144 601 2179 Μ.
633 2144 671 2178 G.
704 2144 798 2190 Lips.
829 2146 917 2190 Aug.
955 2144 1083 2189 aliique
1114 2148 1148 2178 et
1183 2142 1262 2177 edd.
1291 2147 1374 2177 vett.
1431 2152 1473 2178 σε
1496 2142 1562 2177 vit.
1586 2143 1699 2178 etalii

220 2199 390 2233 nonnulli.

331 2254 475 2289 Turbari
496 2254 632 2289 videtur
653 2255 708 2289 hic
731 2250 979 2301 στιχο,ιιυθ·ιά
1001 2266 1042 2289 co
1066 2254 1161 2300 quod
1184 2253 1322 2289 duobus
1345 2264 1434 2299 quos
1457 2253 1493 2287 Io
1516 2253 1598 2288 dixit
1619 2265 1699 2288 ver—

219 2310 315 2344 sibus
333 2321 403 2345 uno
421 2310 870 2356 respondetPrometheus,
902 2310 999 2345 Vnde
1010 2310 1267 2356 quaenascitur
1278 2309 1444 2355 suspicio,
1457 2309 1629 2344 excidisse
1642 2309 1697 2344 hic

219 2366 368 2400 alterum
390 2366 591 2400 Promethei
613 2377 770 2406 versum,
795 2377 871 2400 eam
893 2376 1023 2411 augere
1044 2365 1152 2400 videri
1173 2370 1294 2412 potest.
1315 2364 1538 2405 scholiastes,
1566 2364 1625 2410 qui
1647 2364 1697 2400 sie

219 2421 370 2466 scripsit,
391 2416 660 2469 Ἔπικούρειόν
675 2418 755 2456 ἐστι
774 2416 917 2468 δόγμα,
938 2417 1129 2469 ἀναιροῦν
1144 2415 1440 2468 τὴνμαντικήν·
1459 2414 1699 2469 εἱμαρμένης

218 2472 308 2524 γάρ,
331 2473 441 2525 φησί,
464 2472 595 2511 πάντα
616 2472 861 2526 κρατούσης,
892 2472 969 2524 πρὸ
992 2476 1133 2525 καιροῦ
1155 2471 1398 2522 λελύπῃκας,
1419 2470 1443 2522 ἢ
1461 2470 1640 2523 χρηστόν
1659 2486 1696 2510 τι

219 2526 339 2565 εἰπών
374 2527 445 2578 τὴν
478 2526 626 2579 ἡδονὴν
660 2528 856 2575 ἐξέλυσας.
902 2528 1057 2579 λέγουσι
1089 2528 1131 2566 δὲ
1162 2528 1225 2566 καὶ
1256 2527 1300 2566 τὸ
1335 2525 1387 2565 “ἃ
1417 2527 1483 2564 de?
1496 2526 1695 2578 γενέσθαι,

219 2587 348 2621 ταῦτα
377 2583 439 2620 καὶ
470 2583 710 2634 9»ειἰζσεται.”
753 2588 850 2630 Quae
872 2588 1052 2622 adnotatio
1075 2599 1093 2621 a
1116 2587 1282 2633 quopiam
1303 2586 1464 2633 prosecta
1485 2585 1592 2620 videri
1612 2590 1698 2631 pot-

220 2646 292 2681 est,
324 2641 381 2687 qui
411 2653 516 2687 qutun
548 2643 716 2677 omissum
747 2643 780 2677 in
810 2643 943 2678 codicis
975 2654 1079 2688 quein
1112 2642 1392 2677 transserihehat
1413 2646 1580 2676 contextu
1601 2641 1694 2675 hune

218 2707 357 2731 versum
387 2697 419 2730 in
450 2698 605 2743 margine
628 2698 844 2744 adscriptum
867 2699 1018 2739 videret,
1049 2709 1129 2733 eum
1150 2703 1189 2733 ut
1208 2697 1433 2744 proverbium
1455 2695 1695 2742 explicationis
