1878 3115
224 199 277 237 08
798 201 1140 235 Anaora'rioix'sss

227 310 354 349 sciam,
387 308 451 342 nisi
481 312 626 353 ruptura
654 306 743 341 sellis
765 305 1012 351 spectabatur,
1045 303 1088 338 de
1111 314 1179 349 qua
1202 302 1401 349 Sophocles
1422 304 1456 338 in
1476 304 1650 350 Antigona
1675 316 1703 338 v.

234 367 348 400 1009.
370 357 581 411 μετάρσιοι
594 358 712 407 χολαὶ
737 357 1019 408 διεσπείροντο.

340 419 432 454 498.
474 413 584 463 κνίση
606 427 646 451 τε
668 416 712 450 Μ.
736 416 775 450 G.
816 410 965 464 mrffoogj
987 415 1064 449 Par.
1089 414 1126 449 C.
1169 413 1285 448 Ceteri
1306 409 1445 463 κνίσσῃ
1465 425 1519 449 τε.

338 473 462 518 Attigit
491 472 584 506 hunc
615 482 758 518 quoque
790 472 908 506 locum
931 471 955 505 l.
979 470 1020 504 H.
1046 469 1189 504 Vossius
1212 469 1245 503 in
1267 469 1401 503 famosa
1422 469 1480 504 illa
1501 470 1543 505 de
1565 470 1705 505 ossibus

228 528 464 574 disputatione
478 554 485 567 ,
506 528 540 561 in
563 538 630 573 qua
651 527 823 574 Heynium
845 527 991 561 adortus
1012 526 1046 560 iu
1068 525 1235 571 Epistolis
1256 525 1505 571 mythologicis
1529 527 1704 562 38—40.

227 585 297 618 sive
327 582 504 617 secundae
536 583 699 617 editionis
729 594 784 629 ep.
810 583 985 618 76—78.
1009 581 1253 616 demonstrare
1282 586 1431 615 conatus
1453 585 1509 616 est
1529 581 1603 616 sola
1625 593 1706 616 ossa

228 639 401 673 semorum
422 638 524 684 adipe
546 643 641 673 tecta
663 638 727 673 diis
750 649 828 673 esse
852 637 988 677 oblata,
1013 636 1072 682 qui
1093 647 1171 670 mos
1193 636 1348 671 Hesiodo
1373 641 1463 671 teste
1485 648 1503 670 a
1526 636 1706 672 celebrato

227 694 286 729 illo
308 693 510 728 Promethei
531 693 613 728 dolo
636 694 806 740 originem
829 693 976 732 duxerit,
1001 703 1112 738 eaque
1136 703 1216 726 ossa
1236 688 1363 740 μηρία
1385 696 1419 726 et
1439 693 1551 741 μῆρα
1573 692 1615 727 ab
1632 692 1707 727 Ho-

227 760 345 789 mer0‚
369 760 440 784 nou
460 744 615 797 μηρούς
635 749 816 795 appellari.
857 748 1004 794 Aperuit
1024 747 1138 782 Vossii
1159 758 1300 782 errores
1323 747 1561 782 Sclmeiderus
1584 748 1618 782 in
1638 748 1708 782 Le-

227 805 304 839 xico
333 805 367 838 in
396 816 427 838 ν.
449 800 612 852 μηρίον,
649 805 703 839 cui
735 815 902 839 assensus
934 808 988 838 est
1018 814 1147 838 censor
1177 803 1291 837 Iliadis
1314 802 1356 837 ab
1379 803 1512 849 Heynio
1535 803 1650 838 editae
1672 804 1706 838 in

228 860 446 895 Bibliotheca
469 860 674 895 Germanica
704 860 770 895 vol.
794 860 906 894 XCIV.
937 864 1028 905 part.
1058 861 1088 894 l.
1118 870 1153 905 p.
1179 859 1241 894 27.
1266 870 1340 904 seq.
1365 869 1454 904 quae
1476 862 1627 893 censura
1649 870 1707 894 se-

229 915 378 961 paratim
401 915 525 950 deinde
548 915 639 950 edita
662 921 716 950 est
736 915 889 950 Berolini
911 920 945 949 et
968 914 1109 949 Stettini
1131 925 1162 948 a.
1188 915 1303 950 1805.
1326 914 1360 947 in
1383 914 1602 959 eandemque
1624 925 1708 949 sen—

231 971 374 1005 tentiam
397 970 585 1016 disputavit
605 971 804 1005 Nitzschius
826 971 859 1005 in
882 969 1144 1005 commentariis
1166 970 1208 1004 ad
1226 969 1290 1004 Od.
1308 970 1365 1003 ΙΙΙ.
1385 971 1477 1005 456.
1522 970 1707 1004 Verissime

231 1025 481 1061 Schneiderus.
515 1026 647 1061 Iuvabit
668 1032 784 1061 tamen
808 1026 849 1060 de
866 1025 1046 1060 vocabulis
1063 1025 1138 1059 istis
1156 1025 1321 1071 omnique
1338 1025 1394 1059 illa
1412 1025 1524 1060 Vossii
1542 1025 1707 1071 opinione

229 1081 348 1127 paullo
384 1081 501 1115 dicere
537 1082 755 1127 explicatius.
815 1084 862 1116 iic
892 1077 1038 1129 μηρίον
1066 1080 1207 1126 quidem
1238 1080 1381 1126 proprie
1412 1086 1466 1115 est
1487 1092 1527 1115 os
1549 1081 1705 1121 semoris,

228 1131 358 1184 μηρός
377 1141 494 1170 autem
515 1141 628 1171 totum
650 1137 774 1177 femur,
798 1137 819 1171 i.
836 1148 867 1171 e.
891 1148 930 1170 os
952 1148 1019 1170 una
1042 1147 1122 1171 cum
1144 1147 1250 1170 carne
1273 1147 1340 1181 qua
1363 1140 1416 1170 est
1438 1136 1706 1171 circumdatum.

231 1190 288 1225 Sic
320 1191 423 1225 etiam
453 1192 487 1225 in
516 1192 584 1226 hoe
607 1192 777 1226 Herodoti
800 1192 856 1226 111.
885 1193 972 1227 103.
996 1187 1174 1237 adivistiog
1194 1188 1233 1225 ἐν
1254 1193 1354 1225 τοῖσι
1376 1186 1597 1225 ὀπισθίοισι
1619 1187 1708 1226 σκέ-

231 1244 311 1280 λεσι
344 1241 416 1292 ἔχει
445 1242 635 1295 τέσσερας
661 1242 817 1295 μηροὺς
845 1243 908 1280 καὶ
931 1242 1079 1293 γόνατα
1101 1242 1278 1294 τέσσερα.
1319 1246 1487 1280 Nimirum
1509 1247 1542 1281 in
1565 1258 1708 1293 quoque

230 1301 320 1347 pede
353 1301 422 1335 duo
445 1301 577 1336 femora
600 1302 741 1348 duoque
763 1313 877 1348 genua
899 1306 1072 1336 munerat.
1116 1301 1291 1336 Coxendix
1312 1302 1402 1335 enim
1425 1302 1550 1337 cameli
1570 1303 1711 1348 longior

232 1367 335 1402 quam
366 1356 447 1401 equi
477 1362 552 1397 est,
587 1358 621 1391 in
653 1369 722 1403 quo
755 1369 835 1392 ossa
865 1368 935 1391 non
958 1357 1125 1403 pauciora
1147 1368 1212 1391 nec
1235 1357 1368 1391 seniora
1391 1368 1494 1403 quam
1517 1358 1550 1392 in
1572 1358 1708 1393 camelo

232 1416 333 1451 sunt,
365 1411 428 1445 sed
459 1423 529 1446 non
557 1418 595 1446 ut
623 1418 823 1458 separatum
855 1412 969 1447 femur
990 1412 1182 1458 conspicua
1205 1413 1385 1447 coxendix.
1426 1409 1575 1462 ΖΙἸηροί
1591 1419 1708 1449 autem

231 1466 402 1512 pluralem
424 1467 555 1501 liabent
577 1468 681 1502 etiam
703 1468 862 1502 neutrius
880 1468 1019 1512 generis¹
1036 1469 1159 1515 μῆρα,
1179 1468 1433 1513 significatione
1451 1474 1708 1515 congruentem

233 1532 312 1556 cum
334 1521 504 1557 vocabulo
524 1520 663 1571 μηρία.
704 1524 825 1569 Itaque
848 1523 1011 1563 obtinuit,
1034 1528 1083 1563 ut,
1108 1534 1214 1569 quum
1236 1524 1323 1558 haee
1346 1525 1410 1558 tria
1433 1524 1573 1559 uomina
1594 1525 1628 1559 in
1650 1536 1709 1560 sa-

233 1577 302 1611 cris
329 1577 531 1622 promiscue
562 1578 604 1612 de
626 1578 759 1613 femore
781 1579 940 1613 victimae
962 1584 1237 1624 usurparentur,
1268 1590 1338 1613 non
1361 1579 1564 1614 dicerentur
1582 1576 1710 1628 μηριά

233 1636 268 1666 et
294 1633 406 1680 μῆρα
435 1632 476 1667 de
498 1633 579 1667 vivis
602 1633 672 1670 sive
694 1633 894 1668 hominibus
916 1634 986 1668 sive
1007 1634 1082 1668 aliis
1104 1634 1359 1675 animantibus,
1384 1634 1446 1669 sed
1465 1631 1600 1684 μηροί.
1641 1636 1710 1669 Le-

232 1687 327 1732 gitur
348 1687 487 1732 quidcm
509 1688 543 1722 in
565 1689 718 1723 carmine
742 1690 836 1735 quod
857 1689 949 1723 inter
969 1689 1176 1724 Theocritea
1199 1695 1253 1724 est
1274 1690 1370 1724 XXV.
1393 1702 1423 1724 ν.
1443 1691 1535 1726 269.
1559 1690 1600 1725 (le
1618 1690 1710 1726 Her-

233 1742 311 1776 cule
333 1742 471 1777 leonem
494 1743 705 1779 Nemeaeum
728 1745 925 1779 suffocante
947 1741 1143 1793 πλευρῇσί
1160 1756 1199 1779 τε
1219 1741 1312 1793 μῆρ’
1336 1741 1576 1794 ἐφύλασσον.
1611 1746 1707 1788 Quae

232 1796 336 1831 verba
359 1809 428 1832 non
450 1798 574 1833 mirum
597 1805 651 1834 est
673 1800 843 1846 explicata
866 1811 943 1834 esse
965 1800 1202 1845 ineptissime,
1227 1801 1305 1846 quia
1329 1801 1421 1835 omni
1444 1813 1551 1835 sensu
1573 1807 1708 1836 carent.

233 1851 382 1898 Egregie
405 1853 488 1898 quid
509 1854 751 1899 requireretur
771 1856 951 1901 perspexit
972 1855 1169 1901 Briggsius,
1197 1853 1365 1904 μηροῖσί
1391 1868 1430 1891 τε
1452 1851 1586 1905 πλεύρ’
1610 1852 1709 1906 ἐσύ-

233 1905 393 1941 λασσον.
432 1909 534 1954 Apud
556 1910 699 1944 Rioncm
721 1911 755 1944 in
776 1911 1206 1946 lamentationeAdonidis
1225 1924 1253 1946 ν.
1267 1912 1329 1948 84.
1353 1911 1411 1946 ubi
1434 1924 1523 1946 uuus
1541 1913 1708 1947 Amorum

232 1958 359 2009 μηρία
389 1959 517 1997 λούειν
536 1964 703 1998 Adonidis
734 1965 878 2006 dicitur,
911 1977 1034 2000 vereor
1062 1978 1105 2000 ue
1135 1966 1360 2001 scribendum
1390 1968 1435 2001 sit
1465 1961 1484 2002 ὃ
1516 1963 1559 2002 δὲ
1578 1963 1735 2016 μηρὸν·

235 2012 373 2051 ἐλούει.
422 2017 491 2052 Sed
520 2019 585 2053 etsi
614 2025 649 2053 et
676 2017 803 2067 μηρία
833 2026 875 2054 et·
895 2022 1007 2068 μῆρα
1035 2021 1178 2066 proprie
1200 2022 1285 2055 nihil
1306 2022 1372 2056 nisi
1393 2033 1474 2056 ossa
1496 2023 1706 2068 significant,

235 2076 352 2106 tamen
380 2084 451 2106 non
486 2078 540 2108 est
568 2074 610 2108 ab
638 2086 705 2109 usu
734 2075 860 2109 horum
890 2075 1141 2110 vocabulorum
1163 2077 1319 2110 carnium
1341 2077 1475 2111 notatio
1499 2078 1650 2118 exclusa,
1675 2078 1707 2112 in

236 2137 339 2172 quam
361 2138 435 2161 rem
456 2139 527 2162 non
548 2129 748 2175 ambiguum
772 2130 1022 2165 documentum
1044 2130 1283 2166 Schneiderus
1304 2132 1419 2166 attulit
1440 2132 1523 2167 illud
1538 2133 1633 2179 quod
1650 2144 1709 2167 rc-

236 2181 304 2216 l'ert
324 2183 526 2218 Athenaeus
548 2184 602 2218 IV.
623 2196 659 2231 p.
688 2187 775 2221 154.
799 2185 836 2219 Β.
868 2197 909 2220 ex
938 2185 1147 2226 Posidonio,
1178 2182 1222 2222 τὸ
1251 2183 1294 2221 δὲ
1315 2183 1485 2222 παλαιόν
1506 2199 1628 2237 φησιν
1648 2181 1707 2222 ὅτι

235 2234 547 2285 παρατεθέντων
564 2235 751 2287 κωλήνων
771 2236 815 2275 τὸ
835 2237 981 2288 μηρίον
1001 2236 1020 2276 ὃ
1044 2237 1256 2290 κράτιστος
1276 2238 1511 2288 ἐλάμβανεν,
1534 2240 1567 2278 εἴ
1587 2239 1634 2278 δέ
1651 2255 1710 2285 τις

236 2287 366 2341 ἕτερος
395 2287 714 2342 ἀντιποιήσαιτο,
745 2292 981 2330 συνίσταντο
1008 2293 1357 2344 μονομαχήσοντες
1375 2294 1490 2345 μέχρι
1513 2294 1707 2334 θανάτου.

237 2346 313 2389 Quo
344 2348 423 2382 loco
455 2360 540 2383 usus
570 2355 624 2384 cst
646 2350 851 2386 Eustathius
874 2362 907 2397 p.
936 2352 1052 2392 1606,
1081 2354 1141 2388 13.
1164 2358 1202 2386 ut
1224 2353 1430 2388 ostenderet
1450 2348 1509 2389 ὅτι
1532 2350 1577 2388 ού
1601 2355 1709 2389 νῶτα

235 2397 375 2447 μόνον,
406 2398 508 2438 ἀλλὰ
539 2401 602 2439 καὶ
627 2407 739 2455 μῆρα
758 2397 808 2454 ἦν
827 2403 1165 2455 περισπούδαστα.
1208 2408 1309 2450 Quod
1331 2409 1378 2449 si,
1411 2414 1449 2444 ut
1470 2409 1708 2445 Sclmeiderus

237 2456 376 2498 docuit,
406 2470 477 2493 11011
506 2460 618 2495 50111111
641 2462 816 2496 Homerus
844 2462 878 2496 in
900 2462 1009 2496 sacris
1030 2463 1232 2509 promiscue
1251 2460 1390 2513 μηρία,
1410 2466 1535 2514 μῆρα,
1554 2460 1710 2514 μηρούς

238 2511 339 2552 dicit,
371 2514 432 2548 sed
462 2515 565 2550 etiam
587 2517 680 2562 apud
702 2517 788 2552 alios
810 2517 1003 2563 scriptores
1022 2514 1150 2567 μηροί
1169 2519 1233 2553 diis
1255 2520 1444 2555 sacrificari
1462 2520 1706 2567 perhibentur,

236 2571 275 2600 ut
296 2568 387 2612 apud
410 2568 623 2615 Sophoclem
645 2574 724 2607 Ant.
754 2575 869 2608 1011.
893 2578 927 2607 et
950 2574 1090 2619 saepius
1112 2574 1203 2619 apud
1226 2575 1443 2616 Pausaniam,
1465 2576 1571 2610 veluti
1591 2576 1617 2610 1.
1642 2576 1704 2616 24,

240 2622 275 2656 2.
304 2622 345 2656 Il.
375 2624 433 2663 10,
462 2626 493 2659 1.
514 2627 548 2660 5.
576 2628 635 2667 11,
662 2629 696 2663 7.
726 2628 764 2662 V.
795 2629 852 2667 13,
879 2629 914 2664 8.
939 2629 974 2664 9.
1008 2634 1168 2675 apertum
1199 2635 1253 2664 est
1274 2635 1334 2665 aut
1353 2627 1508 2679 μηρούς
1528 2642 1597 2665 11011
1620 2642 1707 2676 pro-

237 2677 311 2721 prie
334 2677 412 2715 dici,
437 2679 463 2712 si
485 2680 559 2714 sola
582 2688 661 2716 sunt
684 2694 763 2718 ossa
786 2683 1025 2727 intelligenda,
1049 2690 1108 2719 aut
1127 2681 1255 2733 μηρία
1275 2697 1345 2720 11011
1369 2686 1549 2732 proprium
1572 2686 1707 2731 signifi-
