1878 3115
438 814 971 874 ADNOTATIONES
1014 813 1111 871 AD
1155 813 1433 871 PERSAS.

311 1087 346 1121 2.
378 1081 499 1120 πίστα
521 1084 564 1120 Μ.
588 1085 655 1120 vit.
679 1085 755 1120 ΛΜ.
778 1084 865 1119 Rob.
907 1079 1030 1119 πιστά
1051 1084 1145 1131 Lips.
1185 1079 1309 1119 πιστὰ
1331 1083 1370 1118 G.
1393 1084 1498 1118 Turn.

310 1142 345 1177 3.
378 1135 537 1189 ἀφνεῶν
556 1141 600 1175 Μ.
624 1141 690 1175 Vit.
712 1141 806 1187 Lips.
830 1140 910 1175 edd.
931 1145 1016 1174 vett.
1040 1144 1074 1174 et
1096 1151 1126 1174 ει
1148 1140 1392 1186 superscripto
1413 1139 1490 1174 Par.
1514 1139 1551 1174 B.
1593 1133 1675 1188 (3.ss-

196 1197 307 1230 νειῶν
329 1196 367 1231 G.
390 1196 475 1230 Ven.
499 1196 536 1230 B.
559 1196 700 1241 aliique.
815 1196 896 1230 τῶν
915 1206 980 1241 pro
1002 1191 1066 1229 καὶ
1088 1195 1182 1241 Lips.
1205 1194 1293 1229 Rob.

309 1253 345 1287 4.
372 1252 406 1286 5.
440 1251 552 1286 Verba
574 1244 752 1299 ἑδράνων
772 1246 947 1300 ᾳύ).ακες
967 1246 1070 1284 κατὰ,
1085 1246 1299 1299 πρεσβείαν
1315 1249 1349 1284 in
1366 1249 1432 1284 Vit.
1452 1249 1593 1291 omissa,
1612 1249 1676 1284 sed

197 1317 214 1341 a
241 1317 295 1352 pr.
326 1317 432 1341 manu
461 1306 494 1341 in
524 1307 591 1341 line
621 1307 769 1353 paginae
800 1311 885 1352 post
911 1305 1016 1340 verba
1039 1298 1058 1340 ὅ
1080 1317 1119 1340 τε
1142 1300 1371 1351 τοξοδάμας
1388 1301 1535 1347 ἐσθλὸς
1554 1317 1584 1339 v.
1610 1306 1673 1342 31.

197 1362 328 1408 scripta
351 1369 453 1402 sunt,
477 1362 578 1408 signo
601 1362 739 1402 addito,
764 1372 834 1407 quo
857 1372 958 1396 error
979 1361 1200 1407 corrigatur,
1223 1366 1259 1395 et
1280 1360 1416 1395 adiecta
1436 1361 1503 1396 hac
1525 1361 1675 1396 adnota-

199 1417 313 1458 tione,
344 1412 452 1464 λήθη
483 1413 612 1465 γέγονε
643 1413 707 1451 καὶ
737 1412 810 1451 οὐκ
839 1412 957 1463 ἐτέθη
989 1410 1009 1451 ὃ
1039 1417 1219 1458 τοιοῦτος
1246 1412 1379 1463 στίχος
1399 1413 1453 1458 εἷς
1472 1411 1545 1463 τὴν
1563 1411 1676 1459 τάξιν

197 1467 355 1507 τούτου.

311 1528 346 1562 6.
380 1523 631 1575 δαρειογενὴς
659 1522 820 1574 ὃαρειόυ
840 1521 927 1568 υἱὸς
947 1526 991 1561 M.
1014 1526 1080 1560 Vit.
1102 1526 1198 1572 Lips.
1221 1526 1306 1560 Ven.
1328 1526 1368 1560 A.
1390 1526 1519 1573 aliique
1541 1531 1576 1562 et
1597 1526 1673 1562 Ald.

199 1578 448 1631 ὁάρειογενὴς
468 1577 553 1624 υἱὸς
575 1578 736 1631 ὸάρέιόυ
759 1582 797 1617 G.
839 1577 1089 1631 ὁάρειογενὴς
1107 1576 1194 1622 υἱὸς
1213 1581 1290 1615 Par.
1313 1581 1350 1615 F.

311 1638 347 1674 8.
381 1633 519 1672 νώστω
540 1638 596 1673 τῶ
616 1633 837 1683 βασιλείου,
860 1637 1104 1683 superscripto
1128 1636 1258 1671 ultimis
1279 1636 1405 1671 litteris
1427 1647 1471 1682 ω,
1494 1637 1587 1683 Lips.

311 1694 346 1728 9.
379 1688 656 1740 πολυχρύσους
676 1688 870 1741 στρατιὰς
890 1692 934 1727 Μ.
958 1692 1034 1726 Par.
1058 1692 1096 1726 L.

313 1749 373 1783 10.
405 1742 681 1795 ὀρσολοπεῖται
703 1748 746 1782 M.
770 1753 805 1782 et
825 1747 905 1782 inde
927 1747 1114 1782 Victorius,
1155 1740 1431 1796 ὄρσοπολεῖται
1449 1746 1487 1781 G.
1503 1746 1570 1781 Vit.
1587 1746 1673 1781 Ven.

197 1805 236 1837 Α.
260 1802 297 1837 Β.
320 1803 447 1849 aliique
471 1808 505 1838 et
526 1803 603 1838 Ald.
626 1803 714 1838 Rob.
737 1803 843 1837 Turn.
893 1803 931 1837 ln
961 1803 1000 1837 G.
1031 1802 1074 1837 ad
1103 1803 1143 1837 εἴ
1166 1802 1448 1848 superscriptum
1475 1813 1513 1849 η.
1560 1802 1674 1848 Hesy—

198 1859 298 1893 chius
328 1853 625 1907 ὀρσολοπεῖται,
649 1855 967 1904 διαπολεμεῖται,
990 1852 1245 1906 ταράσσεται.
1274 1852 1495 1904 Αἰσχύλος.
1535 1858 1677 1903 Cogna-

200 1919 271 1947 tum
301 1913 437 1948 videtur
465 1908 688 1962 ὀρσόλοπος
717 1925 797 1948 cum
820 1913 999 1948 vocabulis
1022 1908 1203 1948 ὀλόπτειν
1223 1924 1264 1948 ex
1285 1908 1388 1948 λέπω
1411 1913 1504 1948 sacto
1526 1918 1561 1947 et
1582 1908 1675 1948 ὀλο-

198 1963 326 2016 ᾳώϊος
367 1973 402 2003 et
442 1969 671 2003 excitatorem
712 1969 942 2005 vellicationis
983 1979 1024 2003 ac
1073 1968 1222 2015 proinde
1265 1967 1388 2002 turbae
1429 1973 1464 2003 et
1502 1968 1674 2003 tumultus

199 2022 410 2069 significare.

315 2080 374 2113 11.
409 2073 553 2113 ἴσωσεν
573 2078 668 2124 Lips.
710 2078 846 2113 Omittit
866 2078 933 2113 Vit.
1039 2073 1082 2112 δὲ
1101 2072 1238 2122 βαΰζει
1260 2077 1316 2112 hic
1338 2088 1409 2112 non
1430 2077 1562 2113 habent
1582 2077 1672 2112 libri.

317 2134 375 2169 12.
418 2127 667 2181 ἆσιατιγενὴς
699 2133 804 2168 Turn.
853 2128 1120 2181 Ἀσιητιγενῆς
1156 2133 1406 2167 Blomlieldius.
1462 2133 1673 2180 Repugnare

198 2188 288 2223 lianc
311 2188 458 2223 sormam
479 2188 662 2235 analogiae
684 2189 820 2223 monuit
840 2188 1039 2223 Lobeckius
1061 2188 1105 2222 ad
1126 2188 1253 2234 Phr-yn.
1276 2200 1310 2234 p.
1336 2189 1427 2224 6³16.

316 2245 374 2280 13.
408 2238 584 2289 οἰχωκῆν
612 2239 674 2278 έον
705 2239 746 2278 δ’
771 2244 815 2278 Μ.
866 2238 1003 2290 οἴχωκε
1033 2239 1118 2278 νέον
1139 2238 1179 2278 (5²
1205 2244 1244 2278 G.
1267 2243 1355 2278 Rob.
1398 2238 1561 2289 οᾶωκξν
1589 2239 1675 2278 νέον

199 2293 238 2331 δ’
262 2298 357 2345 Lips.
412 2292 547 2348 ᾤχωκε
577 2294 680 2342 νέον,
717 2299 791 2334 sine
813 2299 1005 2345 particula,
1030 2299 1095 2333 Vit.
1137 2292 1271 2347 ᾤχωκε
1293 2294 1380 2334 νέον
1400 2294 1441 2332 (5¹
1465 2299 1542 2334 ΑΜ.
1565 2299 1670 2334 Turn.

198 2352 236 2387 V.
261 2353 302 2388 de
324 2354 393 2388 hoc
415 2353 521 2388 verbo
544 2353 759 2389 Lobeckium
782 2355 825 2389 ad
847 2354 957 2400 Soph.
981 2354 1031 2389 Αἰ.
1055 2366 1085 2388 v.
1111 2355 1203 2390 896.

310 2408 528 2444 Sclioliastes
549 2405 745 2459 γράφεται
769 2406 833 2444 καὶ
856 2403 932 2453 ἑόν,
954 2403 1041 2457 ἤτοι
1064 2405 1132 2445 τὸν
1153 2404 1255 2443 ἴδιον
1274 2402 1416 2458 ἄνδρα.

311 2464 396 2498 Post
417 2460 502 2498 νέον
523 2460 578 2509 δ’,
601 2465 672 2505 vel,
703 2470 742 2499 ut
763 2465 828 2499 vit.
861 2464 984 2505 habet,
1009 2461 1113 2508 νέον,
1145 2476 1268 2499 omnes
1289 2463 1522 2498 libriaddunt
1543 2457 1673 2512 ἄνδρα

196 2512 346 2561 βαΰζει.
386 2519 423 2552 ln
446 2519 657 2564 explicandis
680 2520 733 2554 his
754 2520 869 2555 verbis
891 2520 958 2554 iam
980 2520 1112 2565 antiqui
1135 2520 1347 2565 interpretes
1368 2519 1402 2553 in
1423 2518 1559 2553 diversa
1575 2518 1673 2553 abie-

199 2577 291 2605 runt.
340 2574 404 2607 Alii
436 2574 526 2608 enim
558 2570 709 2620 θηχιιός,
732 2575 788 2609 alii
814 2571 930 2609 Ἀσία
958 2575 1000 2609 ad
1027 2569 1165 2620 βαΰζει
1197 2574 1463 2620 intelligendum
1491 2566 1670 2620 putarunt.

199 2626 429 2661 Audaciorem
452 2639 604 2669 manum,
629 2630 691 2663 secl
712 2641 836 2676 parum
853 2630 1012 2670 feliciter,
1030 2629 1182 2664 admovit
1198 2629 1459 2669 Valckenarius,
1476 2629 1574 2663 euius
1598 2628 1671 2673 ipsa

199 2680 302 2715 verba
332 2692 550 2727 cognoscere
578 2696 707 2730 operae
737 2685 887 2731 pretium
919 2690 984 2719 est.
1035 2684 1092 2720 Sic
1114 2685 1220 2729 igitur
1240 2685 1295 2719 ille
1317 2685 1359 2719 ad
1381 2684 1462 2718 Eur.
1485 2684 1617 2718 Phoen.
1641 2695 1669 2717 v.
