1878 3115
688 167 745 199 AD
771 165 1127 200 AGAMEMNONEM.
1569 160 1648 199 503

179 270 270 306 sacta
292 270 436 306 Botbius
459 266 552 319 πρὶν
571 269 720 305 παθεῖν
739 265 891 319 ἴρξαντ’
915 264 1092 321 ἄκαιρον.
1133 271 1260 306 Verum
1294 275 1410 306 tamen
1431 282 1545 317 neque
1562 271 1650 307 liaeo

180 338 258 362 vera
281 338 372 367 esse,
396 338 473 367 nec,
497 327 525 360 si
541 327 630 373 quis,
655 327 749 373 quod
770 327 863 362 haud
880 327 1060 374 inelegans
1078 332 1143 368 est,
1167 319 1328 375 ἄρξανῖ)
1348 320 1527 375 ἀκαίρων
1544 327 1651 362 scribi

180 382 303 423 vellet,
328 383 460 418 codicis
483 382 673 417 Florentini
695 383 888 429 scriptura,
913 378 1116 431 ἔρξαντες,
1137 387 1330 421 monstrat,
1355 393 1445 428 quae
1467 382 1551 428 quin
1571 394 1652 417 vera

181 438 225 472 sit
246 438 296 472 vix
318 437 468 473 dubitari
490 449 596 484 posse
618 437 781 473 arbitror.
827 438 912 473 Nam
934 443 970 473 et
990 438 1222 473 nominativus
1244 438 1354 483 inagis
1377 449 1481 484 qnam
1504 449 1652 473 aecusa-

181 493 269 528 tivus
291 505 371 528 cuni
391 493 688 540 praecedentibus
710 494 885 539 congruit,
909 499 944 528 et
964 494 1109 540 pluralis
1131 493 1268 540 positus
1290 499 1345 528 est
1366 493 1558 539 aptissime,
1582 505 1652 540 quo

180 549 223 583 ad
253 549 349 584 solos
382 560 485 584 senes
514 549 602 584 baec
631 548 822 583 admonitio
850 548 1042 589 reseratur,
1080 554 1114 584 et
1143 549 1363 584 tritissimum
1392 549 1478 583 illud
1505 548 1655 584 παθεῖν

180 599 350 653 ἔρξαντα
370 609 468 639 recte
490 610 587 638 caret
608 604 720 638 inutili
741 604 980 639 additamento
1003 597 1163 653 ἄκαιρα,
1195 609 1230 639 et
1251 604 1402 650 denique
1424 604 1491 639 isto
1514 599 1654 653 ἕρξαν-

180 671 242 701 τες
262 659 413 694 efficitur
434 664 471 693 ut
492 659 550 693 illa
571 659 673 693 nimis
695 659 850 705 superba
872 660 1066 699 sententia,
1092 660 1196 708 χρῆν
1216 653 1311 695 τάὸ)
1335 654 1390 701 (ὃς
1410 653 1652 708 ἐπράξαμεν,

179 714 307 749 molliri
336 713 463 749 debeat
492 714 579 748 alius
601 713 762 749 vocabuli
783 714 1028 749 intercedente
1049 715 1200 749 vinculo.
1242 717 1291 750 Ac
1313 715 1410 750 valde
1433 715 1574 761 quidem
1596 726 1655 750 ar-

179 770 292 804 rideat
312 769 463 804 l'ortasse
486 769 579 815 quod
601 769 780 805 Lobeckio
802 770 940 805 Patliol.
963 770 1101 816 proleg.
1123 781 1158 816 p.
1178 771 1269 806 248.
1295 770 1439 816 placuit,
1462 767 1556 818 πρὶν
1575 782 1654 805 πα-

178 824 271 860 θεῖν
299 820 498 874 ἔρξαντες·
531 822 654 860 αἰνεῖν
674 826 782 874 χρῆν
808 819 904 861 τάδ’
927 820 982 868 (ὃς
1001 819 1241 875 ἐπράξαμεν.
1287 824 1507 860 Probabilius
1539 831 1653 860 tamen

179 881 262 916 milii
283 881 420 916 videtur
440 880 627 927 scripsisse
648 881 862 928 Aeschylum

380 932 474 985 πρὶν
493 935 644 971 παθεῖν
663 931 857 986 ἔρξαντες.
888 931 1144 987 ἀρκεΐνχρῆν
1167 929 1261 971 τάδ’
1285 930 1340 978 ὥς
1359 930 1598 984 ἐπράξαμεν.

179 992 238 1027 Sic
259 992 415 1038 loquitur
435 992 572 1033 mulier,
596 995 609 1029 i
631 999 661 1028 et
683 998 720 1028 tu
742 1000 773 1029 el
792 1005 866 1034 cos,
887 1005 1000 1033 senes,
1022 999 1160 1028 vestras
1183 993 1303 1027 domos
1317 1020 1325 1033 ,
1344 993 1565 1039 priusquam
1584 994 1657 1028 cim

177 1049 348 1084 vilitatis.
373 1048 547 1094 Sassiccre
563 1049 964 1096 oportebatquaepassi
977 1060 1107 1084 sumus.
1130 1049 1199 1085 Sin
1216 1049 1375 1084 noudum
1389 1050 1479 1084 satis
1497 1055 1545 1084 est
1561 1049 1658 1083 hisce

178 1105 296 1144 malis,
328 1104 562 1149 accipiemus,
595 1105 655 1139 dei
674 1105 707 1140 si
728 1116 792 1140 nos
812 1105 938 1151 yracz's
959 1107 1019 1140 ira
1041 1104 1246 1150 infortunio
1268 1105 1405 1150 plectet.
1452 1103 1528 1138 Iloe
1549 1103 1655 1138 modo

179 1170 286 1205 quum
308 1158 477 1205 loquitur,
506 1170 623 1205 neque
644 1165 824 1195 asseverat
845 1160 1048 1206 oportuisse
1068 1161 1369 1206 Agamemnonem
1391 1159 1561 1199 interfici,
1594 1159 1657 1193 sed

179 1215 352 1261 permittit
371 1214 500 1249 iudicio
522 1214 681 1257 aliorum,
706 1220 752 1257 et,
776 1216 804 1250 si
825 1215 954 1251 iniuste
970 1221 1119 1250 necatus
1136 1218 1190 1257 sit,
1210 1215 1274 1250 diis
1291 1215 1561 1261 relinquendum
1578 1226 1657 1249 esse

179 1270 365 1306 vindictam
385 1276 519 1305 monet.

284 1327 413 1362 4631.
444 1326 538 1361 Libri
567 1322 600 1360 εἴ
629 1321 676 1362 δέ
699 1337 760 1362 τοι
788 1320 962 1373 μόχθων
990 1322 1140 1375 γένοιτο
1168 1319 1291 1361 τῶνδ’
1316 1319 1404 1365 ἅλις
1423 1320 1454 1373 y‘
1479 1318 1656 1371 {gozssioea'

179 1374 240 1416 ἄν.
282 1384 433 1416 Auratus
464 1378 497 1416 εἰ
518 1377 564 1416 δέ
582 1394 637 1432 τῳ
658 1377 831 1429 μόχθων
852 1378 981 1417 δέοιτο
1003 1382 1056 1417 vel
1076 1377 1249 1428 μέλοιτο.
1290 1382 1355 1416 Alii
1379 1392 1468 1428 quae
1491 1381 1658 1415 coniece-

179 1443 262 1472 runt
283 1437 370 1472 adeo
393 1448 459 1472 nec
482 1437 615 1472 Graeca
637 1444 719 1473 sunt
739 1449 855 1484 neque
877 1438 1025 1484 intelligi
1045 1443 1215 1484 possunt,
1249 1448 1288 1472 ea
1311 1444 1349 1471 ut
1370 1437 1503 1471 referre
1526 1436 1656 1482 pigeat.

180 1493 416 1528 Ilumboldtus
439 1493 523 1539 quid
542 1494 711 1528 vertendo
735 1494 970 1540 expressisset
991 1505 1061 1528 non
1082 1499 1180 1529 recte
1203 1498 1389 1528 assecutus
1408 1498 1462 1527 est
1476 1492 1659 1526 Wellaue-

180 1560 252 1583 rus.
294 1548 475 1595 Expressit
496 1548 552 1584 ille
573 1560 688 1584 meam
710 1549 1006 1591 emendationem,
1037 1560 1142 1595 quam
1164 1549 1205 1584 ad
1230 1549 1305 1583 eius
1327 1548 1658 1595 interpretationem

179 1616 251 1639 non
272 1604 455 1650 adscripsi,

381 1657 414 1694 εἷ
435 1654 476 1694 δ’
503 1653 553 1695 ἔτ’
578 1653 623 1694 οὐ
644 1653 818 1707 μόχθων
836 1655 986 1708 γένοιτο
1008 1653 1131 1695 τῶνδ’
1155 1652 1254 1703 ἅλις,
1278 1653 1481 1706 ὁεχοιζαεέῗ
1505 1654 1555 1693 ἂν

383 1711 576 1761 δαίμονος
594 1714 698 1765 χολῇ
718 1713 865 1766 βαρεῖα
887 1711 1091 1762 ὃυςτυχῶς
1111 1710 1388 1761 πεπλῃῃιένοι.

181 1770 228 1806 De
250 1770 423 1805 sententia
447 1770 579 1805 dietum
601 1776 656 1805 est
676 1771 719 1806 ad
740 1782 879 1805 versum
900 1770 1188 1817 praecedentem.
1219 1763 1303 1804 ‘'Ez'
1327 1764 1373 1804 οὗ
1392 1768 1497 1803 habet
1517 1767 1661 1813 Sopho—

179 1826 254 1861 cles
276 1826 401 1861 Trach.
425 1838 455 1860 V.
483 1827 570 1862 116.
593 1820 643 1862 ἔτ’
667 1821 785 1861 οὐδέν
804 1826 896 1861 idem
918 1826 952 1860 in
968 1825 1165 1861 Philocteta
1181 1837 1211 1859 v,
1236 1826 1351 1860 1217.
1410 1817 1468 1859 Οὐ
1490 1834 1571 1857 vero
1589 1823 1657 1864 liic,

180 1893 251 1917 non
271 1876 342 1929 μή,
366 1881 434 1916 dici
455 1881 587 1922 debuit,
612 1882 692 1928 quia
715 1875 787 1928 οὐχ
809 1873 896 1923 ἅλις
916 1892 980 1928 per
1002 1892 1040 1916 se
1062 1892 1167 1916 unam
1188 1881 1370 1915 notionem
1393 1878 1561 1919 efficiunt,
1595 1888 1660 1913 ne-

181 1949 250 1984 que
273 1937 413 1983 negatio
436 1937 479 1972 ad
500 1938 710 1983 particulam
732 1937 1006 1972 conditionalem
1027 1937 1194 1983 pertinet.

299 1993 414 2029 1632.
440 1991 546 2041 χολῇ
566 1998 664 2028 recte
686 1993 775 2028 vict.
800 1998 853 2034 et,
888 1998 927 2028 ut
948 1993 1115 2028 Franzius
1138 1993 1196 2033 ait,
1220 1992 1313 2027 Flor.
1357 1987 1465 2038 χηλῇ
1486 1988 1588 2023 Farn.
1612 1994 1658 2029 et,

180 2054 220 2084 ut
240 2049 406 2083 Franzius
428 2049 494 2089 ait,
518 2048 603 2084 Ven.
637 2049 732 2096 quod
764 2049 902 2083 videtur
930 2049 1094 2083 monachi
1126 2059 1205 2083 esse
1229 2048 1284 2082 cui
1305 2047 1419 2091 imago
1444 2043 1572 2079 diaboli
1595 2043 1661 2079 ob-

180 2103 398 2139 versabatur.
439 2104 561 2150 Neque
583 2105 675 2140 enim
697 2110 818 2151 potest
839 2104 980 2139 defendi
1001 2104 1054 2139 liis
1078 2115 1167 2150 quae
1190 2104 1223 2137 in
1246 2101 1360 2137 Persis
1378 2112 1408 2134 v.
1424 2101 1514 2135 510.
1533 2100 1662 2145 legun-

182 2166 249 2201 tur,
273 2149 304 2195 ὧ
328 2153 546 2207 ὄυςπόνητε
565 2156 722 2207 δαῖμον,
745 2154 797 2202 ὡς
813 2153 916 2207 ἄγαν
929 2155 1062 2207 βαρὺς
1078 2156 1221 2193 ποδοῖν
1236 2151 1401 2204 ἐνήλλου
1418 2151 1535 2190 παντὶ
1549 2152 1662 2203 Περ-

181 2217 279 2266 σικῷ
300 2211 410 2263 γένει.
524 2210 813 2263 πεπληχιιένοις
833 2215 919 2249 Ven.

297 2272 413 2306 1634.
452 2270 530 2304 Non
566 2271 685 2316 inepta
721 2275 776 2304 est
805 2268 1027 2304 Wakefieldii
1065 2268 1271 2302 coniectura
1303 2259 1522 2299 ἀκοντίσαι.
1592 2263 1662 2298 Sed

181 2332 279 2360 recte
310 2330 426 2360 tamen
457 2325 588 2360 dictum
618 2325 754 2360 videtur
775 2319 1023 2368 ἀπανθίσαι,
1057 2322 1151 2368 quod
1181 2321 1273 2356 idem
1309 2320 1383 2355 sere
1415 2325 1469 2355 est
1498 2330 1538 2354 ac
1571 2314 1663 2367 ὁρέ-

181 2380 361 2428 ψασθαι.

298 2437 414 2472 1635.
445 2432 767 2482 Ι.1111·1ὃαι’,ιιονας.
816 2433 1012 2469 Casauboni
1042 2438 1096 2473 et,
1127 2432 1193 2466 nisi
1215 2431 1334 2471 fallor,
1366 2429 1486 2465 Aurati
1521 2440 1663 2476 quoque

182 2491 382 2527 emendatio
405 2488 596 2538 δαίμονος
627 2491 707 2526 inde
730 2502 748 2525 a
771 2490 938 2525 Sclititzio
960 2488 1086 2522 merito
1110 2493 1256 2533 recepta
1279 2492 1345 2521 est.
1462 2485 1547 2520 Post
1568 2485 1663 2520 hune

182 2560 321 2583 versum
342 2548 376 2582 in
396 2547 494 2581 libris
516 2547 573 2581 liic
594 2558 715 2581 versus
739 2546 886 2591 legitur,
924 2537 1136 2591 σώφρονος
1170 2536 1329 2591 γνώμης
1360 2534 1399 2576 d'
1432 2535 1666 2590 ἁμαρτῆῑον

182 2603 423 2653 κρατοῦντα,
447 2614 550 2648 quein
573 2607 655 2648 post
675 2614 706 2636 ν.
733 2601 847 2636 1627.
871 2599 1053 2635 collocavi.

301 2660 415 2695 1636.
449 2654 704 2705 προσσαίνειν
726 2656 810 2691 Yen.
838 2655 937 2690 Farn.
984 2650 1213 2703 προσαίνειν
1233 2653 1324 2689 Flor.
1348 2653 1436 2688 Vict.
