1878 3115
226 174 306 213 594
793 178 1140 211 ADNoTATioNEs

229 284 332 328 Quod
354 283 444 317 enim
468 276 654 331 καθαρός
675 287 710 317 et
731 275 920 330 ἀβλαβής
939 282 1079 324 dieitur,
1102 282 1194 318 idem
1212 287 1266 317 est
1287 275 1448 329 ἀμβλὺς
1466 275 1545 330 ἤδη
1567 277 1612 318 τὸ
1627 275 1708 329 μύ-

228 351 309 381 σος.
350 340 529 373 Innoeuus
551 338 593 372 ad
617 337 787 384 templum
809 338 983 373 Minervae
1006 339 1150 373 Orestes
1172 337 1345 373 accedere
1365 342 1519 384 poterat,
1542 339 1622 385 quia
1642 338 1710 372 he-

227 396 387 429 betatum
409 399 485 428 erat
507 398 541 428 et
564 399 753 428 evanuerat
773 393 951 440 piaculum
974 394 1069 440 quod
1091 393 1156 429 sihi
1178 398 1414 429 contraxerat.
1463 394 1542 440 Ipse
1564 394 1709 429 Orestes

228 463 258 485 v.
277 452 369 487 437.

429 498 502 538 οὐκ
523 500 600 550 εἰμὶ
623 497 931 552 προςτρόπαιος,
954 497 1046 539 οὐδ’
1070 499 1144 550 ἔχει
1164 497 1295 551 μύσος

431 555 533 609 πρὸς
547 556 651 608 χειρὶ
674 554 779 609 τῆμῆ
801 554 846 595 τὸ
867 554 939 595 σὸν
958 556 1159 609 ἐφημένου
1179 555 1339 608 βρέτας.

229 592 498 665 Πορεύμασιν
524 616 718 651 itineribus
749 620 822 656 est,
858 620 898 650 ut
925 615 1110 662 Euripides
1132 615 1208 662 Iph.
1231 615 1308 650 Aul.
1331 626 1362 649 v.
1384 616 1474 651 300.
1499 607 1610 648 νάϊον
1636 607 1711 649 πό-

230 684 360 720 ρευμα
381 671 477 706 dixit.
506 671 709 706 Vniversam
726 676 843 706 autem
858 672 985 706 horum
1004 682 1167 706 versuum
1185 670 1396 706 sententiam
1415 671 1602 706 Orestesv.
1617 670 1709 706 143.

230 728 280 763 sic
302 727 444 773 repetit,

431 776 557 816 πάλαι
578 776 678 830 πρὸς
700 775 836 823 ἄλλοις
856 775 967 817 ταῦτ’
990 775 1259 830 ἀφιερώμεθα

434 832 575 871 οἴκοισι
599 834 662 871 καὶ
684 835 843 882 βοτοῖσι
866 833 930 871 καὶ
952 831 1087 886 ῥυτοῖς
1107 831 1258 885 πόροις.

231 893 307 928 Non
328 897 426 927 recte
449 893 539 927 hane
561 904 674 926 meam
697 893 823 926 horum
844 904 1009 926 versuum
1032 892 1314 926 emendationem
1336 892 1552 938 impugnavit
1574 891 1713 926 Schoe-

231 960 393 983 mannus.

346 1004 438 1039 240.
471 997 610 1045 σώζων
638 996 809 1046 (σώιζων
828 1003 889 1048 Μ.)
913 1003 956 1036 Μ.
981 1003 1020 1037 G.
1046 1002 1119 1037 Ald.
1142 998 1231 1037 Roh.
1254 1003 1362 1037 Turn.
1412 995 1551 1046 σώζων
1572 995 1602 1037 τ’
1626 1002 1711 1037 Ven.

232 1059 408 1104 (Bekkero
431 1060 539 1101 teste)
566 1058 658 1092 Flor.
683 1058 785 1092 Farn.

347 1115 439 1149 242.
470 1113 563 1148 Libri
586 1106 782 1159 ἀναμένω.
823 1113 932 1148 Recte
956 1112 1133 1148 Stanleius
1154 1113 1187 1147 in
1211 1113 1304 1148 curis
1327 1114 1493 1148 secundis
1516 1107 1713 1159 ἀναμενῶ.

347 1171 439 1205 243.
471 1170 658 1204 introeunt
679 1169 803 1204 Furiae
832 1164 1045 1218 σποράδην
1073 1169 1105 1203 in
1139 1169 1373 1204 orchestram.
1503 1163 1565 1203 ἔπι
1587 1162 1618 1204 τ’
1643 1162 1714 1203 οἷν-

235 1219 331 1274 ὸρός
350 1224 427 1259 Ald-

348 1281 441 1316 244.
471 1280 650 1327 μηνυτῇ,
679 1279 803 1314 relicto
835 1279 982 1314 duarum
1013 1279 1066 1314 vel
1093 1279 1197 1314 trium
1227 1280 1423 1315 litterarum
1460 1280 1594 1326 spatio,
1628 1280 1713 1314 Ven.

234 1336 343 1376 Idem,
367 1335 430 1370 sed
452 1335 632 1381 adscripto
655 1336 688 1369 in
709 1335 867 1381 margine
884 1336 1126 1384 μηνυτῆρος,
1147 1336 1240 1370 Flor.
1280 1335 1505 1385 μηνυτῇσιν
1521 1335 1623 1371 Farn.

236 1385 447 1440 ἀφθέκτου
470 1391 572 1425 Farn.
596 1390 684 1425 Roh.

349 1447 441 1482 245.
471 1441 614 1494 νεβρὸν
643 1446 836 1486 Victorius,
868 1451 904 1480 et
934 1446 984 1480 sic
1007 1446 1051 1481 M.
1074 1446 1220 1481 Franzio
1252 1451 1356 1482 teste.
1408 1440 1546 1494 νεκρὸν
1566 1446 1605 1481 G.
1630 1446 1715 1480 Ven.

235 1502 329 1537 Flor.
352 1502 455 1536 Farn.
478 1501 555 1536 Ald.
580 1501 667 1536 Rol».
691 1502 797 1536 'l'urir

348 1557 441 1592 246.
474 1551 745 1603 ἕμαστεύομεν
767 1557 850 1591 Ven.
908 1556 1105 1591 Dindorssus
1127 1557 1354 1592 scribendum
1376 1562 1476 1603 putat
1496 1550 1716 1603 ἐκματεύο-

234 1624 318 1659 μεν.
360 1612 469 1647 Recte
492 1612 656 1647 sortasse.
698 1612 736 1647 V.
760 1612 802 1646 ad
822 1613 883 1657 Ag.
908 1624 937 1646 v.
961 1613 1077 1647 1058.

350 1668 442 1703 247.
476 1662 726 1716 ἀνδροκμῆσι
756 1668 857 1702 Farn.
892 1668 967 1702 ΑΜ.
1022 1661 1284 1715 ἅνδροκμοῖσι
1316 1667 1409 1702 Flor.
1463 1661 1716 1716 ἀρὸροκμῆσι

236 1722 324 1757 Rob.
349 1723 560 1769 typographi
584 1734 717 1763 errore,
741 1733 858 1769 neque
880 1722 1032 1757 debebat
1050 1723 1320 1757 Schoemannus
1343 1717 1604 1771 ἀρθροκμῆσι
1627 1723 1718 1758 scri—-

236 1778 391 1813 bendum
411 1784 549 1825 putare,
582 1778 677 1824 quod
708 1778 895 1813 dicendum
925 1784 1021 1813 esset
1048 1778 1274 1826 γυιοκμῆσι.
1323 1778 1397 1813 Hoe
1429 1778 1550 1813 dieunt
1578 1779 1715 1819 Furiae,

238 1835 415 1870 anhelant
436 1836 577 1870 viscera
603 1847 645 1870 eJ:
668 1835 778 1869 mullo
801 1837 918 1869 virum
941 1837 1168 1880 daees'tzti9mzle
1189 1836 1327 1873 labore,
1350 1834 1371 1868 i.
1396 1845 1426 1868 e.
1450 1834 1655 1869 anhelamus
1677 1845 1719 1869 ex

237 1889 348 1923 multo
378 1888 500 1924 labore
532 1900 602 1935 quo
632 1889 742 1923 virum
772 1896 984 1935 persecutae
1006 1900 1140 1924 sumus,
1190 1889 1322 1924 Eodem
1351 1889 1457 1924 modo
1488 1883 1719 1953 ἀνδροκμής

238 1944 389 1979 activum
420 1950 475 1979 est
503 1945 592 1979 insra
613 1956 643 1979 v,
663 1946 755 1980 943.
779 1957 828 1978 αι
831 1942 1063 1991 ὸροκμῃτας
1091 1939 1132 1979 δ’
1163 1938 1324 1990 ἀώρους
1351 1939 1554 1980 ἀπεννέπω
1582 1938 1717 1992 τύχας.

240 1999 364 2045 Suppl.
394 2011 425 2033 v
445 2001 537 2035 652.
567 1995 674 2046 μηδέ
704 2011 764 2041 τις
792 1993 1024 2047 ἀιὸροκμὴς
1061 1995 1192 2047 7οι>ος
1221 1996 1422 2035 ἕπε7θέτω
1452 1994 1571 2036 τάνδε
1604 1996 1720 2035 πό7ιν

240 2050 399 2097 δαΐζων.
456 2054 615 2100 Choeph.
638 2066 669 2089 V.
688 2055 779 2090 877.
811 2051 899 2101 ὁοιή
929 2066 989 2096 τις
1017 2048 1279 2102 οἷνὸροκμῆτα
1308 2051 1475 2089 πέ7εκυν
1504 2050 1558 2097 ὥς
1585 2049 1717 2102 τάχος.

239 2109 282 2144 Et
303 2110 396 2156 apud
418 2109 620 2174 Euripidem
643 2109 766 2155 Suppl.
786 2121 815 2144 v,
837 2110 927 2145 524.
944 2103 990 2144 οὐ
1005 2103 1086 2156 β7’
1063 2121 1200 2145 απτων
1218 2104 1346 2155 πόλιν,
1369 2103 1462 2144 οὐὸ’
1485 2104 1718 2160 ἀνδροκμῆ-

238 2176 312 2207 τας
332 2161 569 2214 προςᾳέρων
589 2159 628 2213 οἷ)
632 2161 772 2207 ωνιάς.

321 2218 324 2219 ’
353 2221 445 2256 248.
478 2221 559 2254 πᾶν
578 2231 643 2266 pio
666 2220 745 2262 πᾶς
764 2220 853 2255 Rob.

354 2277 446 2311 249.
479 2269 626 2311 πόντου
649 2275 752 2310 Farn.
869 2269 1056 2323 ἀπέτροις
1075 2274 1163 2309 Roh.

353 2332 446 2367 251.
478 2327 545 2366 ἐπί
561 2342 638 2365 που
660 2331 737 2366 Ald.
855 2326 1124 2365 καταπτακών
1144 2331 1188 2365 Μ.
1218 2332 1257 2365 G.
1281 2331 1358 2365 Par.
1388 2331 1474 2366 Ven.
1496 2331 1591 2366 Flor.
1613 2331 1716 2366 Farn.

239 2386 317 2420 Ald.
340 2386 428 2421 Rob.
484 2381 752 2428 καταπτακώς
771 2386 877 2421 '.I'urn
910 2397 950 2420 ex
976 2386 1161 2426 lemmate,
1192 2391 1231 2420 ut
1261 2386 1418 2427 videtui,
1451 2386 1575 2421 scholii
1605 2386 1639 2421 in
1661 2387 1717 2422 ed.

242 2441 329 2475 Roh.
372 2442 410 2476 In
432 2442 476 2476 Μ.
500 2442 682 2481 scholion,
714 2435 972 2488 καταπτήξας
992 2437 1094 2488 πρὸς
1118 2442 1170 2476 τῶ
1193 2435 1231 2475 ἆ
1221 2435 1413 2489 swintun,
1435 2441 1570 2476 nullum
1590 2441 1717 2477 lemma

240 2496 260 2530 h
266 2496 359 2531 abet.
401 2497 476 2531 Huc
498 2502 595 2531 recte
616 2497 754 2531 videtur
774 2497 907 2531 ι’·θΓοιΓθ
929 2496 1128 2531 Dindoriius
1150 2497 1314 2531 vaehii
1336 2490 1617 2541 καταπλακών,
1644 2509 1717 2532 κα-

239 2545 464 2599 ταπ7ήξας,
505 2546 760 2601 διαμαρτών,
791 2551 850 2587 uhi
882 2545 1170 2596 καταπτακών,
1204 2546 1463 2599 καταπτήξας
1490 2551 1716 2587 scribendum

241 2616 332 2645 esse,
369 2603 606 2655 διαμαρτών
631 2612 749 2642 autem
773 2608 815 2642 ad
838 2601 1107 2643 καταπλακών
1126 2607 1304 2654 pertinere
1325 2607 1409 2642 vidit
1430 2607 1628 2643 Loheckius
1649 2608 1716 2643 Pa-

240 2660 341 2708 ralip.
363 2674 398 2708 p.
415 2664 505 2698 541.
