1878 3115
585 218 640 249 AD
668 217 973 251 PROMETHEVM
999 217 1210 251 VlNchM.
1561 212 1629 250 121

157 329 282 365 νυμον
309 329 388 354 esse
419 319 572 361 diceret,
605 321 839 356 certissimum
871 327 925 356 est
945 326 1029 368 post
1048 321 1143 357 bunc
1164 332 1304 356 versum
1326 320 1497 357 excidisse
1519 322 1636 360 alinni.

157 375 192 409 in
214 386 284 420 qno
307 386 436 409 nomen
457 376 577 410 Araxis
600 382 686 417 erat,
709 377 815 411 veluti

356 427 573 479 σμερδναῖς
584 426 758 481 Ξ4ράξην
778 427 950 478 κύμασιν
969 426 1242 479 βρυχώμενον.

270 484 308 518 111
330 485 409 520 cod.
433 486 542 521 Mosc.
565 487 771 521 adnotatum
793 497 853 535 γρ.
876 481 949 521 οὐκ
969 482 1197 532 εὗώνινλιιον,
1221 498 1311 533 qnae
1332 486 1551 532 grammatici
1574 486 1640 521 ali-

158 539 260 574 enius
283 540 486 575 coniectura
507 552 586 576 esse
608 542 756 576 videtur.

274 597 364 631 719.
395 590 551 641 ἄβατος
571 597 610 631 G.
652 591 794 638 εἰῗατος
812 596 907 642 Lips.

273 651 362 686 720.
395 645 517 685 αὐτὸν
536 646 605 686 τὸν
624 646 827 686 κατ’·κασον
847 651 913 685 vit.
929 656 964 686 et
984 651 1088 697 pauci
1109 651 1178 685 alii.

265 700 417 750 μόλοις,
440 716 539 740 erasa
561 706 626 741 alia
646 706 812 747 lectione,
837 707 1084 753 superscripto
1108 701 1256 750 ἔλθοις,
1280 707 1319 741 G.
1359 701 1477 752 μόλις
1496 708 1591 754 Lips.

268 754 375 807 ὃρεῦν
392 760 488 806 Lips.

272 815 363 850 722.
397 810 453 850 ἐπ’
478 810 611 851 αὐτῶν
634 817 673 852 G.

267 864 548 917 ἀστυγείτονας
566 872 633 907 vit.
650 872 745 918 Lips.
763 872 824 907 sed
841 873 934 919 Lips.
958 872 992 907 in
1015 873 1172 919 margine
1195 868 1286 916 ἀπὸ,
1304 873 1399 919 qnod
1416 867 1541 921 ἄστρο
1559 884 1639 907 esse

157 924 322 960 debebat.
363 925 529 973 Respexit
549 928 643 962 hunc
665 939 806 962 versum
828 927 1034 963 Eustathins
1055 940 1090 974 p.
1117 930 1207 968 733,
1232 930 1297 964 41.
1339 929 1434 963 Idem
1456 940 1491 975 p.
1521 930 1637 969 1390,

159 980 222 1015 20.
244 976 452 1026 Αἰσχύλος
473 978 517 1017 δὲ
537 977 844 1033 ἀστρογείτονας
863 980 962 1032 λέγει
983 979 1057 1025 τοὶς
1078 985 1149 1018 τοῦ
1170 979 1394 1019 Καυκάσου
1417 995 1543 1034 κορυᾳ
1553 979 1610 1026 οἱς.

271 1037 361 1072 723.
393 1033 448 1078 εἷς
467 1037 533 1072 Vit.
1640 1082 1642 1084 v

271 1092 361 1126 725.
391 1085 497 1139 ἥξεις
525 1093 568 1128 M.
593 1094 631 1129 G.
655 1094 722 1128 Vit.
745 1094 843 1129 Bess.
867 1094 967 1129 vind.
1000 1105 1123 1129 omnes
1153 1099 1188 1129 et
1219 1094 1298 1129 edd.
1328 1099 1412 1129 vett.
1437 1106 1527 1141 qnae
1550 1094 1641 1129 scri-

156 1150 259 1191 ptura
281 1146 447 1182 adnotata
470 1154 525 1183 est
553 1149 587 1184 in
608 1149 686 1184 Par.
711 1150 749 1184 Β.
773 1150 831 1196 qni
861 1150 973 1185 codex
1003 1161 1082 1185 cum
1100 1151 1177 1185 Par.
1196 1151 1236 1186 A.
1259 1150 1391 1185 Arund.
1415 1149 1579 1185 Cantabr.
1601 1151 1639 1185 2.

154 1198 221 1250 ἵξῃ
244 1201 362 1237 habet.
403 1197 490 1251 ἥξη,
514 1205 758 1251 superscripto
780 1205 972 1251 posteriori
993 1205 1147 1252 syllabae
1169 1218 1213 1251 ει,
1236 1206 1330 1252 Lips.

268 1253 495 1307 ozvyoivopa
516 1260 620 1305 plene
643 1261 681 1295 G.
704 1260 770 1295 Vit.
795 1260 922 1307 aliique
945 1266 979 1296 et
999 1261 1076 1296 Ald.
1100 1261 1188 1296 Rob.

272 1313 363 1348 725.
396 1316 650 1350 κατοικοῦσιν
670 1316 708 1351 G.
732 1316 826 1362 Lips.
850 1317 927 1351 Par.
950 1317 989 1351 E.
1013 1322 1049 1351 et
1069 1322 1150 1351 ante
1173 1317 1434 1352 correctionem
1457 1317 1500 1351 M.
1523 1317 1590 1351 vit.

273 1369 364 1404 727.
396 1367 669 1415 σαλμυὸἰσσιά
690 1371 733 1406 Μ.
759 1372 797 1406 G.
820 1372 918 1406 Bess.
974 1369 1221 1418 σαλμυὸισιά
1241 1373 1308 1407 Vit.
1363 1373 1473 1407 Aliter
1502 1372 1535 1406 in
1565 1372 1640 1406 aliis

157 1428 357 1469 peccatum.
404 1422 662 1473 oaQuulqola
682 1426 759 1461 ΑΜ.
782 1426 870 1461 Rob.
919 1419 1204 1474 σαλμυὸήσσιά
1232 1433 1330 1463 recte
1360 1428 1455 1474 Lips.
1495 1427 1577 1462 Ven.
1604 1429 1639 1463 3.

160 1478 258 1513 vind.
284 1479 319 1514 2.
346 1481 379 1516 3.
405 1481 441 1515 4.
473 1480 578 1516 Turn.
610 1487 645 1517 et
674 1482 708 1516 id
739 1482 895 1517 restituit
916 1483 1096 1517 recentior
1116 1494 1241 1518 manns
1262 1483 1297 1518 in
1318 1483 1362 1518 M.
1405 1483 1499 1518 Haec
1521 1483 1639 1521 verba,

161 1530 457 1582 Σαλμυδησσία
477 1532 647 1583 γνάθος,
670 1538 772 1572 ass‘ert
793 1538 999 1573 Eustatliius
1020 1549 1055 1584 p.
1081 1540 1172 1580 309,
1199 1541 1233 1576 3.
1258 1544 1292 1574 61
1314 1538 1436 1573 eadem
1459 1538 1550 1573 idem
1572 1550 1642 1572 una

159 1600 238 1624 cum
261 1596 433 1636 sequente
454 1602 557 1626 versu
578 1604 613 1639 p.
640 1594 730 1633 560,
759 1594 818 1630 18.
842 1605 882 1628 ac
905 1594 1116 1629 scholiastes
1139 1594 1328 1641 Sophoclis
1351 1594 1394 1629 ad
1415 1596 1494 1629 Ant.
1519 1595 1612 1630 966.

272 1646 363 1682 728.
396 1642 579 1682 ναύταισι
609 1648 740 1695 legitur
768 1649 861 1696 apud
891 1649 1113 1684 Eustathiuni
1142 1663 1176 1697 p.
1203 1652 1293 1691 560,
1324 1652 1383 1686 19.
1417 1655 1452 1685 et
1480 1650 1641 1684 Tzetzam

158 1700 201 1735 ad
221 1700 398 1747 Lycoplir.
422 1703 538 1739 1286.
580 1700 757 1739 ναύτοισι
774 1705 851 1739 Alit.
894 1700 1042 1754 ναύτῃς
1062 1705 1150 1741 Rob.
1192 1701 1358 1755 ναύτῃσι
1383 1706 1493 1741 ceteri
1514 1705 1592 1740 libri
1608 1710 1643 1739 61

158 1756 368 1791 scholiastes
391 1757 580 1803 Sophoclis
603 1760 647 1794 ad
666 1761 747 1794 Ant.
772 1762 863 1796 969.
888 1766 923 1795 et
944 1761 1128 1796 Triclinins
1151 1762 1193 1796 ad
1216 1762 1302 1797 Oed.
1325 1762 1365 1796 R.
1394 1762 1481 1797 183.

268 1808 431 1861 μητρυὰ
453 1824 471 1847 a
492 1825 546 1859 pr.
569 1825 674 1849 mann
696 1815 740 1849 M.
1104 1859 1121 1865 „

273 1868 364 1903 729.
398 1863 522 1902 αὗταί
538 1864 571 1905 σ’
598 1870 661 1904 Vit.
686 1875 720 1905 et
742 1881 760 1904 a
781 1882 834 1917 pr.
858 1882 964 1905 mann
984 1871 1027 1905 M.
1071 1867 1188 1906 αὗται
1212 1866 1252 1905 δ’
1276 1871 1372 1917 Lips.

271 1916 527 1971 ὁδηγήσουσι,
550 1925 665 1960 littera
686 1938 710 1960 v
731 1937 749 1960 a
772 1937 845 1961 rec.
867 1938 973 1961 manu
994 1926 1138 1972 scripta,
1162 1926 1206 1960 M.

274 1979 365 2014 730.
397 1976 639 2029 στενοπόρου
662 1982 701 2016 G.
726 1987 760 2016 et
782 1981 999 2028 adscriptum
1021 1982 1055 2016 in
1077 1982 1154 2016 Par.
1177 1982 1214 2016 B.
1257 1976 1511 2029 στενιοπόρου
1534 1980 1622 2016 Rob.

273 2035 364 2070 731.
395 2032 749 2083 θρασυσπλάχνως
768 2037 863 2083 Lips.
905 2033 1273 2085 θρασύσπλαγχνον
1293 2037 1427 2083 aliquot
1449 2036 1605 2072 codices.

273 2090 364 2125 732.
395 2090 584 2126 Illustravit
614 2087 776 2127 αὐλῶνα
805 2093 830 2127 l.
862 2093 900 2127 G.
931 2093 1137 2127 Waltherus
1173 2093 1207 2127 in
1238 2093 1417 2128 Aniinadv.
1451 2093 1576 2127 histor.
1608 2097 1644 2127 et

159 2143 237 2178 crit.
258 2156 293 2190 p.
319 2145 410 2181 224.
433 2157 509 2192 seq.

273 2202 504 2238 733—735.
538 2197 953 2250 ἔσται-κεκλήσεται
975 2204 1077 2239 affert
1099 2203 1302 2250 Stephanus
1325 2203 1405 2250 Byz.
1429 2203 1463 2238 in
1485 2215 1514 2237 v.
1538 2197 1643 2244 Βός-

157 2266 291 2304 πορος.

274 2312 364 2347 733.
397 2308 451 2354 εἷς
471 2307 530 2347 ἀεὶ
554 2313 687 2348 divisim
710 2313 753 2347 M.
778 2314 816 2347 G.
840 2313 907 2347 vit..
932 2313 1027 2359 Lips.

273 2368 364 2402 734.
394 2363 598 2416 βόσπορος
618 2363 649 2403 τ)
674 2368 763 2403 Rob.
806 2368 843 2402 Id
871 2368 1048 2414 probabat
1077 2368 1277 2403 Elmsleius.
1319 2368 1362 2403 Et
1389 2380 1428 2404 τε
1452 2373 1487 2403 61
1509 2363 1638 2403 ὄέ11ο-

160 2432 255 2462 1111111,
280 2422 344 2456 5611
366 2433 475 2457 sensu
497 2422 647 2458 diverso.

271 2472 480 2523 ἐπώνυμον
500 2478 565 2512 Vit.

274 2534 364 2569 735.
397 2528 549 2567 λιποῦσ)
574 2528 756 2582 etipsa-[1¹3
777 2534 842 2568 Vit.

275 2589 365 2624 736.
398 2582 562 2637 ἤπειρον
582 2584 623 2623 δ’)
647 2583 752 2636 ἥξεις
774 2590 812 2623 G.

264 2638 396 2678 iflold'
422 2644 587 2679 Elmsleio
610 2644 837 2679 scribendum
859 2644 1053 2681 videbatur.

276 2701 365 2736 737.
398 2692 507 2746 ὅμως
528 2711 546 2735 a
567 2712 620 2747 pr.
644 2711 749 2735 manu
772 2700 814 2735 M.
