1878 3115
250 194 326 233 176
810 198 1155 232 ADNOTATIONES

244 300 457 351 κένανδρον
476 300 682 352 Περσικοῦ
710 297 1013 351 στρατεύματος
1042 297 1179 346 τοῦδε,
1214 313 1258 336 ne
1287 302 1415 337 civitas
1446 302 1576 338 audiat
1597 303 1721 337 urbem

248 360 393 396 Susidis
416 361 481 395 hoc
505 360 698 393 Persarum
721 360 880 393 excercitu.
902 359 1081 392 orbatam.
1117 357 1165 391 Ita
1184 352 1272 391 θεοὶ
1294 355 1550 403 πολισσοῦχοι
1566 352 1722 404 χθονός

249 421 283 449 et
305 415 369 449 alia
390 413 590 448 huiusmodi
612 413 764 447 millena.

364 470 452 504 119.
484 464 646 503 κισσίων
673 468 717 503 Μ.
747 468 824 502 Par.
851 467 888 502 C.
911 467 948 501 L.
971 466 1011 501 N.
1061 461 1237 502 κασσίων
1259 466 1342 501 Vcn.
1361 466 1398 501 B.
1436 462 1633 508 γκισσίνων
1652 467 1718 502 Vit.

244 525 338 571 Lips
361 524 471 558 Mosc.
493 523 582 559 Rob.
623 523 808 559 κισσινῶν
828 523 867 557 G.
909 518 1082 557 κίσσινον
1101 522 1178 557 Ald.
1202 527 1414 568 ceteraeque
1437 521 1622 556 editiones.

359 580 447 615 120.
493 573 620 614 ἔσεται
651 579 696 614 Μ.
718 579 785 614 Vit.
815 579 892 613 Par.
917 578 954 613 C.
976 578 1017 612 N.
1066 578 1156 612 Nihil
1185 578 1338 624 ineptius
1367 577 1610 623 perversiusve
1638 576 1721 623 fingi

239 635 357 682 potuit
386 645 489 681 quam
512 634 549 669 C.
572 634 712 669 Bnrneii
734 628 892 686 ᾄσεται,
921 644 965 668 ne
997 633 1132 669 scilicet
1161 628 1315 668 ἔσσεται
1339 633 1516 679 duplicato
1539 636 1564 667 ὃ·
1585 632 1720 667 diceret

241 691 395 737 scriptor
417 690 563 725 Atticus.
608 690 698 733 Quin
727 695 766 725 ut
796 689 909 724 omnis
939 689 1008 724 loci
1028 689 1137 723 virtus
1158 689 1292 735 periret
1313 688 1552 723 Blomfieldius
1574 693 1718 735 recepta

240 746 380 781 Burneii
402 745 607 780 coniectura
627 745 733 780 verba
755 740 997 780 ἀντίδουπον
1015 765 1070 769 —
1089 739 1227 779 ἀπύων
1256 749 1295 779 ut
1316 743 1545 790 parenthesin
1567 743 1609 778 ab
1633 743 1719 778 reli-

240 802 316 848 quis
339 801 524 847 separavit.
564 800 686 847 Neque
708 802 742 836 in
763 800 955 836 Wellaucri
976 801 1202 835 adnotatione
1225 800 1415 846 quidquam
1438 799 1513 834 sani
1534 804 1600 834 est.
1642 799 1717 834 Hoc

239 857 323 892 dicit
345 857 488 896 chorus,
511 862 706 903 propterea
730 857 821 892 mihi
841 857 949 902 myro
971 857 1201 891 obscuratum
1221 857 1299 890 velo
1322 866 1382 890 cor
1403 857 1590 891 laceratur
1610 861 1715 896 metu,

239 914 307 952 hei,
330 924 374 947 nc
395 913 462 947 hoc
480 913 623 947 Persico
647 913 806 948 emercitu
827 912 994 946 orbatam
1016 913 1144 946 civitas
1167 911 1298 946 audiat
1319 922 1490 957 magnam
1508 912 1630 946 urbem
1647 910 1718 946 Su—

237 968 341 1008 sidis,
364 973 394 1003 et
415 967 612 1003 Cissiorum
634 979 747 1007 arces,
770 968 829 1003 hei
850 968 1039 1003 clamitans
1063 968 1171 1002 turba
1188 967 1420 1012 seminarum,
1436 970 1617 1006 resonent,
1636 967 1718 1010 bys-

237 1025 412 1069 sinaeque
431 1028 540 1057 vestes
562 1027 796 1069 rumpantur.

356 1077 445 1112 121.
477 1071 528 1112 ὀᾶ
550 1077 592 1111 Μ.

355 1133 443 1168 122.
473 1127 579 1167 τοῦτ’
604 1127 696 1174 ἔπος
716 1132 883 1167 omittunt
904 1132 980 1167 Ald.
1003 1131 1108 1166 Turn.
1223 1126 1551 1179 γυναικοπληθύς
1566 1131 1661 1177 Lips.
1681 1136 1715 1166 ct

237 1192 317 1222 ante
340 1187 597 1222 correctionem
619 1187 686 1222 Vit.
726 1182 1052 1235 γυναικοπληθὴς
1073 1182 1181 1222 ἔσται
1205 1197 1245 1221 ex
1266 1186 1402 1221 scholio
1425 1185 1513 1221 Rob.

350 1242 391 1276 Hi
420 1242 621 1277 nominativi
652 1253 723 1277 non
753 1248 836 1278 sunt
864 1242 1036 1283 absoluti,
1067 1242 1130 1277 sed
1151 1242 1343 1277 inserviunt
1365 1241 1579 1288 explicandis
1600 1242 1715 1278 verbis

236 1293 281 1333 τὸ
307 1294 483 1332 Κισσίων
504 1293 694 1344 πόλισμα.

352 1354 442 1389 123.
475 1347 518 1386 δ’
545 1353 711 1387 omittunt
733 1352 809 1387 ΑΜ.
833 1352 920 1387 Rob.

353 1409 440 1443 124.
473 1404 586 1456 πέσιμ
609 1405 732 1452 λακίς,
756 1419 863 1453 quum
884 1408 981 1454 prins
1005 1408 1135 1442 omissa
1157 1413 1296 1449 essent,
1320 1408 1413 1443 inter
1433 1419 1556 1443 versus
1578 1408 1714 1444 adscri—

235 1468 294 1509 pta
316 1468 399 1497 sunt
419 1463 453 1497 in
476 1463 519 1497 M.

351 1519 439 1554 125.
473 1513 716 1565 ἷππηλάτης,
749 1518 892 1552 ultimae
920 1518 1031 1552 vocali
1061 1518 1305 1564 superscripto
1328 1530 1365 1565 η,
1388 1518 1430 1553 Μ.
1475 1513 1713 1566 ἱππηλάτας,

235 1574 479 1620 superscripto
504 1585 538 1620 η,
560 1573 654 1619 Lips.
744 1573 828 1608 Post
848 1573 937 1607 hanc
959 1584 1083 1607 vocem
1106 1584 1144 1608 τε
1167 1573 1262 1608 addit
1283 1584 1354 1608 non
1377 1573 1419 1608 M.
1444 1574 1507 1608 sed
1529 1574 1713 1609 Turnebus

236 1635 270 1664 ct
293 1629 350 1675 qui
372 1630 466 1663 hunc
489 1629 601 1663 secuti
623 1633 705 1662 sunt
726 1628 814 1663 vict.
839 1629 937 1663 Cant.
962 1628 1072 1663 Stanl.

352 1685 439 1720 126.
473 1680 536 1718 καὶ
558 1679 844 1733 προδοστιχβάς
864 1679 973 1727 λεώς,
996 1683 1037 1718 ad
1061 1679 1085 1718 ά
1107 1684 1350 1730 superscripto
1366 1695 1402 1730 η,
1420 1683 1515 1730 Lips.
1557 1681 1620 1718 καὶ
1643 1696 1713 1719 πε-

236 1736 428 1786 δοστιβὴς
448 1734 556 1781 λεώς.
587 1750 648 1787 γρ.
665 1734 921 1787 ,πεδ’(ιτριβής,
944 1734 1050 1773 τοῦτ’
1075 1734 1154 1773 ἔστι
1178 1735 1291 1782 πεζός
1311 1739 1388 1773 Par.
1405 1739 1442 1773 B.

350 1796 437 1831 127.
470 1788 513 1836 ὃς
528 1806 592 1840 pro
611 1789 664 1836 ὡς
680 1800 760 1829 ante
779 1795 1036 1829 correctionem
1055 1794 1121 1829 Vit.
1200 1790 1420 1829 ἐκλέλοιπεν
1429 1794 1472 1829 Μ.
1484 1795 1561 1829 Par.
1574 1794 1711 1829 L.Rob.

234 1850 349 1884 Ceteri
370 1847 577 1885 ἐκλέλοιπε.
690 1845 860 1896 με’λισσα
880 1849 924 1884 Μ.
948 1850 1024 1884 Par.
1043 1850 1080 1884 L.
1119 1845 1346 1895 μελισσάων
1367 1850 1406 1885 G.
1429 1850 1514 1884 Ven.
1532 1849 1569 1884 B.
1594 1855 1629 1884 et
1649 1850 1713 1885 ad-

233 1906 379 1951 scripto,
403 1911 441 1940 ut
458 1905 627 1939 Faehsius
645 1905 702 1945 ait,
725 1904 926 1951 μελισσῶν
945 1905 1022 1939 Par.
1036 1905 1073 1939 B.
1113 1903 1314 1951 μελισσῶν
1330 1905 1395 1940 Vit.
1409 1905 1503 1952 Lips.
1515 1905 1592 1940 Ald.
1605 1905 1710 1940 Turn.

233 1959 429 2007 μελισσᾶν
450 1960 614 1994 Cantabr.
644 1962 674 1995 1.
698 1960 786 1994 Rob.

352 2016 439 2051 128.
472 2010 664 2063 ὅρχάμονι
687 2015 893 2049 adnotatum
916 2015 949 2049 in
972 2015 1049 2049 Par.
1073 2015 1109 2049 B.

352 2071 438 2105 129.
472 2065 651 2116 ἀμείψας
671 2069 737 2104 Vit.

344 2125 531 2160 Fluctuant
552 2125 776 2171 interpretes,
801 2135 905 2170 quem
928 2124 1021 2159 dicat
1036 2125 1230 2171 Aeschylus
1253 2120 1321 2160 τὸν
1342 2118 1610 2174 ἀμφίζευκτον
1631 2121 1710 2173 ἆμ-

232 2176 406 2230 φοτέρας
426 2173 538 2214 ἅλιον
558 2181 697 2229 πρῶνα
718 2175 848 2215 κοινὸν
869 2174 970 2221 αἴας.
1020 2180 1109 2215 Dicit
1129 2191 1211 2215 vero
1236 2182 1392 2216 iunctum
1411 2183 1599 2228 utriusque
1621 2194 1710 2218 con-

233 2237 381 2272 sinentis
400 2238 534 2272 socium
556 2237 652 2272 litus.
701 2236 829 2270 Litoris
860 2235 1115 2281 significatione
1137 2230 1250 2285 πρών
1269 2235 1478 2271 vocabulum
1502 2242 1708 2282 usui-patum

232 2296 287 2326 cst
306 2303 337 2326 v,
362 2292 453 2328 870.

434 2342 551 2381 νασοί
568 2341 608 2380 θ’
634 2340 681 2380 αἳ
696 2341 797 2381 κατὰ
819 2340 938 2395 πρῶν’
964 2339 1076 2381 ἅλιον
1096 2342 1347 2395 περίκλυστοι

428 2398 523 2453 τᾷδε
545 2402 594 2453 γᾷ
615 2396 867 2450 προςήμεναι.

232 2457 434 2503 Pariterquc
456 2458 490 2492 in
510 2458 632 2504 Agani.
654 2469 685 2491 v.
709 2457 801 2493 291.

957 2509 1193 2561 Σαρωνικοῦ

432 2566 625 2615 πορθμοῦ
645 2563 845 2603 κάτοπτον
864 2562 984 2617 πρῶν’
1007 2563 1273 2615 ὑπερβάλλειν
1292 2563 1429 2618 πρόσω

432 2618 668 2670 φλέγουσαν.

233 2675 289 2709 Sic
313 2675 422 2716 enim,
447 2687 535 2722 quae
558 2678 658 2713 aliter
679 2679 712 2713 in
735 2678 880 2725 singulis
901 2678 1027 2713 horum
1049 2677 1210 2713 locorum
1233 2678 1418 2713 difficultas
1440 2677 1551 2718 soret,
1575 2683 1702 2724 sponte
