1878 3115
211 187 292 228 304
775 192 1119 226 ADNOTATIONES

327 299 419 336 418.
451 294 515 333 καὶ
539 294 639 349 τῷδε
661 292 788 345 κέρδει
811 301 951 344 spectat
971 296 1015 332 ad
1035 306 1283 344 praegressam
1305 296 1460 332 Eteoclis
1482 296 1692 332 orationem.

213 356 295 391 Hoc
315 356 428 394 lurro,
451 356 547 401 quod
567 354 627 390 hic
647 354 808 389 iactator
824 359 884 394 est,
903 354 1041 390 accedit
1058 354 1176 390 aliud.
1199 354 1295 400 quod
1309 355 1392 399 ipsa
1408 354 1475 389 illa
1494 355 1695 389 iactatione

211 412 310 446 lotis
333 411 428 445 iram
443 410 674 456 provocabit.

323 467 416 501 419.
450 457 646 513 ἀνδράσιν
667 463 831 499 Cantabr.
850 465 883 500 1.
926 463 1042 499 Ceteri
1064 457 1250 513 ἀνδράσι.

324 522 417 556 420.
448 515 473 568 ἡ
495 514 627 568 γλῶτ),
651 531 758 566 supra
781 520 915 566 scripto
939 519 1051 554 altero
1074 531 1096 554 τ
1117 530 1135 554 a
1158 530 1231 554 see.
1249 530 1367 559 manu,
1390 518 1434 554 M.
1520 513 1693 567 γίγνεται

210 577 403 611 Porsouus.
459 576 553 611 Libri
581 572 740 624 γίνεται.
864 571 1111 617 διδάσκαλος
1138 586 1202 621 pro
1233 570 1458 623 κατήγορος
1484 574 1580 620 Lips.
1603 573 1692 608 Rob.

211 637 247 667 et
276 631 493 667 Blomfieldio
522 637 615 667 teste
643 631 727 667 Ask.
743 632 783 666 A.
843 631 940 666 Idem
969 631 1187 677 adscriptum
1216 631 1249 665 in
1272 631 1382 666 Mose.
1407 632 1439 666 1.
1501 629 1558 665 Sic
1588 629 1693 664 etiam

212 688 436 723 scholiastes.

325 744 417 779 421.
450 739 551 795 ὁρᾷς
570 743 664 790 Lips.
780 737 1164 790 παρασκευασμένος
1191 742 1269 777 Par.
1288 741 1325 776 C.
1356 747 1392 777 et
1413 753 1428 776 ε
1451 753 1469 776 a
1491 751 1564 776 see.
1587 751 1693 775 manu

211 810 317 845 supra
341 799 520 845 adscripto
543 798 586 833 ad
607 799 752 833 alteram
777 798 944 845 syllabam
967 798 1010 833 M.

323 855 417 892 422.
457 854 552 889 Libri
582 848 704 896 θεοὺς
740 848 894 898 ἀτίζων.
955 852 1190 888 Scribendum
1222 858 1298 887 erat
1328 846 1353 887 ἃ
1383 847 1507 894 θεοὺς
1537 845 1692 895 ἀτίζων.

211 910 442 957 Monosyllahi
465 904 563 952 θεός
583 910 742 956 exempla
764 910 947 954 congessit
968 909 1149 944 Porsonus
1172 908 1215 942 ad
1236 908 1319 942 Eur.
1343 908 1402 942 Or.
1425 920 1454 943 v.
1480 898 1571 944 3932

324 967 416 1002 424.
447 959 598 1013 γεγωνὰ
628 965 837 1000 Brunckius.
904 959 1085 1012 γεγωνώς
1104 963 1242 999 Ask.A.
1303 962 1374 998 Sed
1402 963 1445 998 ad
1474 962 1693 1010 probandam

211 1021 374 1057 Bruuckii
404 1021 687 1056 emendationem
718 1021 852 1056 ducunt
883 1031 972 1066 quae
996 1020 1105 1054 ceteri
1127 1019 1205 1054 libri
1226 1018 1371 1054 habent.
1419 1019 1585 1068 γεγωνᾶι
1609 1018 1692 1065 (sic)

211 1077 254 1112 M.
284 1078 450 1125 γεγωνεΐ
464 1077 574 1111 Mose.
589 1077 624 1112 2.
658 1076 810 1124 γεγωνᾶ
832 1076 913 1122 (sic)
935 1076 1012 1110 Ald.
1036 1075 1123 1110 Rob.
1155 1076 1307 1126 γεγωνῇ,
1328 1075 1451 1110 ceteri.
1488 1075 1526 1110 ln
1548 1074 1587 1109 G.
1611 1074 1637 1125 ᾇ
1658 1074 1692 1109 in

209 1133 313 1168 litura
335 1132 504 1179 scriptum
528 1137 594 1167 est.
624 1132 821 1178 Hesychius
842 1126 1024 1180 γεγωνόν,
1047 1126 1091 1166 τὸ
1114 1126 1368 1175 ἐξακουσῑόν,
1389 1124 1692 1179 μεγαλόφωνον.

322 1189 416 1224 425.
449 1177 501 1222 αὖ
522 1187 579 1223 τῶ·
602 1187 640 1222 G.

321 1244 414 1279 426.
446 1238 724 1291 (ἐξῃκασμένον,
747 1243 817 1277 iota
840 1253 857 1277 a
880 1242 1080 1278 recentiore
1102 1253 1208 1277 manu
1230 1241 1446 1288 subscripto,
1470 1242 1513 1278 Μ.
1575 1242 1692 1278 Ceteri

209 1295 495 1345 ἒξεικασμένον.

323 1356 415 1390 427.
446 1353 779 1403 μεσημβρινοῖσιν
799 1354 843 1388 M.
883 1352 1160 1401 μεσηβρινοΐσι
1184 1353 1222 1388 G.
1321 1346 1522 1388 θάλπεσιν
1540 1354 1625 1396 τοῖς
1644 1353 1689 1389 Μ.

208 1403 382 1445 θάλπεσι
406 1412 488 1452 τοῖς
505 1410 544 1444 G.
562 1410 658 1456 Lips.
676 1410 754 1444 ΑΜ.
772 1409 861 1444 Rob.
879 1409 985 1444 Turn.
1015 1403 1191 1444 θάλπεσι
1214 1408 1287 1444 τοῦ
1303 1408 1370 1443 Vit.
1389 1408 1488 1444 Colb.
1508 1411 1539 1445 l.
1559 1409 1689 1445 Par.N.

323 1467 414 1502 429.
448 1461 592 1509 αἴθων,
622 1471 662 1500 ut
690 1465 815 1511 reliqui
846 1465 945 1505 libri,
984 1465 1047 1499 sed
1077 1464 1119 1500 ad
1148 1476 1179 1499 ω
1209 1476 1316 1510 supra
1347 1465 1528 1512 adscripto
1551 1476 1571 1500 ο
1592 1465 1687 1512 Lips.

208 1521 423 1567 Vtrumque,
455 1526 490 1555 et
512 1516 646 1556 αἴθων
666 1526 701 1555 et
723 1514 863 1565 αἶθον,
894 1521 929 1555 iu
957 1520 1102 1555 scholiis
1134 1525 1446 1555 commemoratur.
1561 1519 1689 1555 πολυ-

209 1570 339 1626 sporta.
362 1577 422 1611 Ox.
445 1576 522 1611 Ald.
637 1572 709 1628 βία
730 1576 808 1611 Α1(1.
832 1575 920 1610 Rob.

322 1634 414 1668 430.
447 1627 666 1681 φερέγγυον
699 1625 920 1681 φρούρημα
959 1630 1062 1666 affert
1089 1631 1241 1665 Thomas
1272 1630 1317 1666 M.
1350 1642 1385 1677 p.
1408 1631 1499 1672 381,
1537 1631 1598 1667 12.
1630 1631 1687 1666 ed.

208 1687 343 1722 Bitsch.

322 1744 415 1779 431.
448 1736 664 1777 εὖνοιίιισιν
684 1742 848 1777 Cantabr.
867 1744 899 1778 1.
923 1746 958 1777 et
979 1753 1118 1776 erasum
1140 1741 1278 1776 videtur
1299 1753 1320 1776 ν
1338 1741 1372 1776 in
1395 1741 1439 1776 M.

321 1799 414 1835 432.
447 1795 488 1833 ἓν
514 1791 833 1844 πῦλαισιληχότα
862 1803 942 1832 ante
974 1808 1047 1832 see.
1070 1808 1194 1832 manus
1224 1797 1508 1832 emendationem
1530 1797 1575 1831 M.

207 1854 305 1889 Plato
329 1854 371 1888 (le
393 1865 431 1889 re
452 1853 550 1900 publ.
571 1854 655 1888 Vlll.
678 1865 712 1900 p.
735 1855 825 1889 550.
846 1853 883 1888 G.
906 1864 976 1888 non
999 1854 1084 1888 satis
1106 1858 1272 1888 accurate
1293 1853 1398 1887 huius
1419 1863 1542 1887 versus
1563 1852 1691 1887 memi-

207 1910 269 1949 nit,
294 1921 400 1955 quum
424 1909 507 1944 (licit
528 1903 675 1944 οὐκοῦν
693 1903 795 1955 μετὰ
817 1909 947 1953 τοῦτο,
970 1902 1014 1944 τὸ
1034 1909 1107 1943 τοῦ
1122 1903 1350 1954 Αἰσχύλου,
1372 1903 1547 1956 λέγωμεν
1567 1901 1691 1942 ἄλλον

208 1958 308 2013 ἄλλῃ·
332 1959 430 2012 πρὸς
450 1959 559 1999 πόλει
581 1960 842 2011 τεταγ,ιιείὀν,·
862 1966 950 2010 Aug.
974 1964 1150 1999 Nauckius
1173 1964 1216 1998 ad
1235 1963 1416 2010 Aristoph.
1440 1963 1521 2010 Byz.
1543 1974 1578 2010 p.
1593 1964 1686 2000 230.

207 2020 389 2054 Platonem
412 2014 511 2065 πρὸς
530 2015 635 2068 πύλῃ
657 2019 843 2064 scripsisse
864 2024 978 2065 putat.

320 2076 412 2110 433.
446 2068 606 2109 ὄλλοιθ’
631 2074 706 2108 ΛΜ.
730 2073 818 2108 Rob.
935 2066 1088 2119 εὔχεται
1110 2073 1205 2119 Lips.

321 2132 413 2166 434.
447 2142 505 2164 νιν
524 2129 733 2163 Brunckius.
774 2128 867 2163 Libri
887 2141 968 2175 μιν.
1082 2128 1176 2162 Libri
1197 2122 1415 2174 ἐπισχέθοι.
1457 2127 1590 2174 Scripsi
1612 2139 1687 2162 κα-

207 2180 361 2231 σχέθοι,
385 2196 454 2231 (μιο
476 2184 532 2219 hic
555 2195 676 2219 versus
699 2184 883 2230 sti-ophico
906 2188 1072 2218 accurate
1094 2189 1322 2229 exaequatur.
1370 2182 1413 2217 Et
1434 2184 1589 2229 pertinet
1611 2183 1688 2218 sor-

208 2246 301 2275 tasse
324 2241 366 2275 ad
389 2241 456 2276 hoe
478 2239 689 2275 vocabulum
712 2239 844 2275 codicis
867 2239 932 2274 vit.
955 2239 1086 2285 glossa,
1109 2234 1347 2285 καταλάβοι.

322 2298 415 2332 435.
447 2292 542 2343 πρίν
562 2289 695 2343 γ’ἕμόν
715 2296 817 2330 Taur.

319 2353 411 2388 436.
443 2351 536 2386 Libri
559 2345 736 2385 ἑδωλίων
763 2345 1023 2400 ὑπερκόμπῳ.
1082 2349 1279 2384 Brunclzius
1306 2341 1540 2399 ὑπερκόπῳ,
1572 2353 1607 2384 et
1635 2349 1685 2384 sic

205 2418 326 2452 margo
356 2407 433 2442 Ald.
463 2407 556 2453 apud
588 2407 794 2442 Burtonum.
856 2406 926 2441 Sed
961 2405 1080 2440 addito
1114 2405 1324 2451 pronomine
1355 2404 1581 2439 scribendum
1610 2410 1687 2440 erat

205 2455 382 2497 ἑδωλιίυν
399 2456 440 2509 μ’
461 2457 689 2512 ὑπερκόπῳ.
1517 2493 1521 2497 ,

320 2520 412 2554 440.
441 2517 533 2552 Libri
555 2512 743 2565 nijtl'ijaev.
786 2517 913 2552 Omissi
935 2516 1115 2563 augmenti
1136 2516 1294 2562 signum,
1319 2525 1389 2562 quo
1411 2525 1533 2550 carere
1553 2525 1687 2561 possu-

208 2583 298 2613 muS‚
322 2573 518 2608 Bruuckius
540 2574 680 2608 adiecit.

319 2629 411 2664 441.
444 2627 639 2675 νηΐστηισι
663 2640 681 2663 a
702 2640 756 2675 pr.
780 2639 885 2662 manu
906 2627 951 2662 M.
974 2626 1039 2662 alia
1061 2637 1186 2661 manus
1208 2636 1233 2661 σ
1254 2625 1373 2660 delere
1403 2623 1555 2659 voluisse
1586 2623 1686 2658 vide-

206 2687 274 2717 tur.
307 2681 459 2733 νηΐτῃσι
483 2684 521 2719 G.
546 2684 710 2720 Cantahr.
731 2684 767 2719 2.
789 2683 900 2719 Mose.
924 2685 956 2720 1.
978 2682 1056 2717 Par.
1075 2682 1113 2717 L.
1137 2681 1237 2717 vind.
1257 2681 1294 2718 2.
1316 2680 1394 2716 Ald.
1416 2679 1505 2715 Rob.
1541 2675 1684 2727 νηΐτισι
