1878 3115
594 187 650 219 AD
677 187 984 220 PROMETHEVM
1011 187 1221 220 VINCTVM.
1599 181 1650 219 97

281 291 375 326 477.
414 301 483 337 μοι
502 290 541 325 G.
558 290 624 325 vit.
642 290 771 337 aliique
793 291 949 327 codices.
991 291 1029 326 In
1047 291 1085 326 G.
1103 291 1170 326 vit.
1189 286 1287 337 ἐμοῦ
1308 291 1502 337 explicandi
1526 303 1650 327 caussa

167 345 450 392 superscriptum
474 351 539 381 cst.
580 342 635 393 μὴ
660 346 753 392 Lips.
776 348 866 393 Aug.
905 358 985 393 μου
1007 346 1051 382 M.
1075 347 1202 393 aliique
1225 350 1260 382 et
1281 346 1467 382 editiones.

278 396 477 451 θαιχιιάσῃ
500 401 578 436 libri
598 408 742 448 practer
762 402 848 437 Ven.
873 403 908 438 3.
931 403 1037 437 Turn.
1061 403 1119 449 qui
1140 402 1273 437 habent
1293 397 1533 449 θαυμάσεις,
1556 404 1651 449 qnod

164 457 448 503 superscriptum
470 457 503 491 in
526 457 603 492 Par.
625 459 665 492 A.
688 457 726 492 B.

277 513 370 548 478.
413 507 458 548 ὃῖ
472 518 635 559 superest
657 524 675 546 a
696 512 808 558 prima
830 524 935 547 manu
956 513 991 546 in
1008 513 1052 547 M.
1094 513 1324 548 Rea-entiores
1345 513 1435 548 duae
1456 525 1580 549 manus
1598 514 1651 549 se-

161 574 291 602 cerunt
313 578 382 602 una
404 564 502 611 (flag,
525 567 634 602 altera
657 562 756 609 οἱᾶς.

274 617 427 670 πόρους
451 622 494 656 M.
518 622 585 656 vit.
614 622 742 668 aliique
773 626 809 656 et
838 621 927 656 Rob.
969 617 1114 663 δόλους
1144 622 1182 657 G.
1212 622 1307 668 Lips.
1331 625 1419 669 Aug.
1451 624 1579 669 aliique
1613 630 1649 659 et

160 678 239 712 Ald.
262 677 369 711 Turn.
412 672 556 719 δόλους
576 677 618 711 ad
640 673 780 723 τέχνας
795 677 1012 724 adscriptum
1030 678 1139 712 fuisse
1157 677 1324 713 credibile
1343 683 1409 713 est.
1452 679 1648 725 Hesychius

160 729 289 779 τέχνη,
311 728 506 780 ἐπιστήμη
527 727 551 780 ’ἢ
575 728 704 774 δόλος.

274 789 367 823 479.
409 784 448 830 ἐς
467 788 564 834 Lips.
587 788 664 823 Par.
687 790 727 823 A.
750 788 788 822 B.
811 788 951 834 aliique.
993 785 1048 830 εἷς
1068 788 1112 823 M.
1136 788 1175 823 G.
1198 788 1264 822 Vit.

274 844 367 879 480.
410 838 502 877 οὐδε
533 843 578 878 Μ.
635 838 729 878 οὐδὲ
759 844 797 878 G.
829 844 925 890 Lips.
957 844 1036 879 edd.
1059 849 1144 879 vett.
1200 844 1309 879 Recte
1341 844 1538 880 Bi‘unckius
1568 856 1648 880 cuni

161 899 239 934 Par.
261 900 302 933 A.
326 898 362 932 Β.
386 899 519 934 Arund.
543 899 707 934 Cantabr.
733 900 768 935 2.
791 893 896 934 οὔτε.

274 955 367 991 481.
409 949 455 989 οὗ
485 950 665 1004 χρηστὸν
696 966 713 989 a
752 966 806 1002 pr.
836 966 942 990 manu
971 954 1137 990 habuisse
1167 954 1304 990 videtur
1333 955 1377 990 M.
1433 950 1527 991 οὐδὲ
1554 967 1648 1005 χρι-

159 1005 256 1045 στὸν
277 1010 316 1044 G.

273 1060 318 1100 οὐ
340 1060 481 1100 πιστὸν
501 1066 596 1112 LiPS.
619 1067 709 1112 Aug.
741 1065 840 1101 Colb.
869 1067 900 1101 1.
932 1065 1096 1101 Cantabr.
1122 1067 1157 1102 2.
1189 1066 1252 1100 sed
1280 1066 1314 1100 in
1335 1067 1431 1112 Lips.
1455 1061 1499 1101 δὲ
1520 1077 1648 1113 super-

158 1121 344 1167 scriptum.
387 1116 433 1155 οὗ
455 1117 648 1156 ποτιστὸν
668 1121 735 1156 vit.
758 1121 836 1156 Par.
859 1121 896 1156 B.
921 1121 958 1156 C.
1002 1116 1096 1156 οὐδὲ
1116 1117 1259 1157 πιστὸν
1279 1122 1323 1156 Μ.
1348 1122 1386 1157 G.
1411 1126 1445 1156 et
1466 1133 1531 1168 pro
1553 1122 1646 1156 varia

160 1177 313 1211 lectione
336 1176 413 1211 Par.
436 1176 474 1211 B.
505 1182 612 1222 atque
643 1177 692 1212 sie
723 1177 803 1212 edd.
834 1182 918 1212 vett.
976 1177 1109 1220 Qnatci·
1136 1172 1259 1212 πιστοὶ
1288 1172 1486 1226 φάρμακα
1515 1188 1556 1212 ex
1576 1179 1647 1212 Ae-

160 1232 282 1278 schylo
320 1232 609 1266 commemoravit
641 1232 868 1273 Eustathius‚
905 1244 940 1278 p.
964 1234 1064 1272 464,
1091 1233 1154 1268 37.
1190 1233 1313 1273 1050,
1339 1234 1403 1268 49.
1440 1234 1554 1273 1193,
1580 1233 1644 1268 22.

165 1289 282 1328 1554,
307 1288 379 1322 45:
419 1293 491 1322 tuni
526 1287 661 1322 scholia
696 1287 730 1322 in
766 1287 909 1322 Iliadem
945 1288 979 1322 in
1016 1287 1170 1323 Craineri
1199 1288 1333 1323 Anecd.
1366 1288 1443 1322 Par.
1470 1289 1526 1323 111.
1552 1289 1643 1329 200,

164 1344 225 1379 13.
249 1343 341 1383 283,
371 1344 402 1378 1.

273 1399 367 1434 482.
404 1399 546 1447 χρεῖαι]
567 1398 605 1433 G.
722 1394 1005 1434 κατεσκέλοντο
1027 1399 1122 1445 Lips.

270 1450 364 1502 πρίν
383 1449 414 1501 7³
439 1453 483 1488 M.
507 1454 546 1488 G.
569 1453 636 1488 Vit.
660 1453 788 1500 aliique
811 1458 846 1488 et
867 1453 955 1488 Rob.
997 1451 1091 1502 πρὶν
1111 1454 1187 1489 Par.
1211 1456 1250 1489 A.
1273 1454 1311 1489 Β.
1334 1454 1411 1489 Ald.
1430 1454 1539 1493 Turn.

269 1519 409 1558 osseam
429 1509 473 1544 M.
514 1505 629 1559 σᾳ-ίσι
651 1509 746 1555 Lips.
789 1509 905 1545 Ceteri
926 1506 1076 1559 σφίσιν.

270 1566 364 1601 483.
404 1559 534 1612 ἡπιῶν
555 1565 648 1611 Lips.

269 1615 534 1669 κερασμάτο)ν
563 1620 698 1655 diversa
727 1620 834 1656 lectio
865 1621 899 1655 in
929 1621 1007 1656 Par.
1031 1621 1068 1655 Β.
1092 1626 1128 1656 et
1148 1621 1182 1655 in
1204 1621 1361 1667 margine
1383 1621 1528 1656 Aldinae
1551 1621 1644 1667 apud

157 1675 366 1711 Morellium.
1419 1702 1423 1704 ,

269 1732 363 1768 484.
405 1727 683 1778 ἔξαμείβονται
707 1732 745 1767 G.
769 1732 868 1767 Bess.
890 1732 968 1767 Ald.
997 1738 1032 1767 et
1062 1743 1127 1779 pro
1157 1732 1250 1767 varia
1270 1731 1424 1767 lectione
1446 1732 1480 1766 in
1503 1732 1580 1767 Par.
1605 1731 1641 1766 B.

157 1787 193 1821 in
215 1798 284 1834 quo
308 1787 351 1822 ad
373 1779 436 1829 αἷς
456 1787 673 1833 adscriptum
695 1798 755 1836 γρ.
779 1783 832 1821 a‘a'.

269 1843 363 1879 485.
404 1837 626 1891 τρόπουστε
648 1842 692 1876 Μ.
810 1838 1024 1889 ἐστοίχησα
1046 1842 1085 1877 G.

269 1898 363 1935 488.
404 1908 445 1933 τε
468 1897 598 1932 omittit
618 1897 684 1932 Vit.

270 1954 363 1990 489.
403 1948 678 2000 γαμψονύχων
699 1953 738 1988 G.

269 2010 362 2045 490.
403 2020 444 2044 τε
466 2008 634 2043 omittunt
656 2008 694 2043 G.
717 2008 815 2043 Bess.
839 2008 915 2043 Ald.
939 2007 1027 2043 Βοὴ.
1051 2019 1121 2043 non
1144 2008 1210 2043 Vit.
1233 2013 1272 2043 ut
1292 2008 1339 2043 ait
1360 2008 1613 2044 Blomfieldius.

269 2065 362 2100 491.
404 2059 600 2110 εὐεόνιῃιοι
621 2075 661 2099 τε
685 2064 725 2099 G.
749 2063 836 2099 Rob.
879 2064 1152 2110 Exquisitiorem
1175 2064 1391 2111 scripturum
1413 2059 1643 2111 εὐωνύμους

156 2131 196 2155 τε
218 2120 392 2166 praebent
412 2120 456 2155 M.
478 2120 546 2154 vit.
569 2119 663 2165 Lips.
687 2119 859 2165 inultique
881 2119 937 2154 alii
959 2125 994 2154 et
1015 2119 1092 2154 Ald.

268 2177 361 2212 493.
402 2170 545 2224 στέργη
566 2174 653 2223 θρα
674 2176 760 2220 (non
782 2171 1034 2223 στέργητρα),
1057 2186 1157 2209 erasa
1178 2180 1262 2221 post
1281 2186 1305 2222 η
1328 2174 1444 2210 littera
1466 2180 1501 2210 et
1520 2186 1542 2224 ρ
1559 2180 1643 2222 post

157 2228 191 2264 θ·
211 2241 229 2265 a
251 2242 323 2266 sec.
347 2242 453 2266 manu
474 2231 605 2270 addito,
629 2230 673 2264 M.
714 2226 921 2278 θέλγητρα
943 2230 1042 2265 Colh.
1057 2231 1092 2266 2.
1116 2231 1193 2264 Par.
1216 2230 1256 2265 N.

268 2282 491 2335 συνεδρίαι,
527 2286 653 2320 litteris
689 2282 737 2334 ὁρ
767 2297 786 2321 a
816 2296 888 2320 sec.
919 2296 1025 2320 inanu
1059 2285 1094 2319 in
1115 2285 1219 2320 litura
1241 2285 1403 2331 scriptis,
1428 2285 1472 2319 M.
1524 2295 1642 2319 συνο-

157 2336 237 2375 ὸιάι
265 2341 304 2375 G.

270 2397 363 2432 494.
402 2389 631 2441 τελειότητα
659 2395 876 2430 coniunctim
905 2395 949 2429 M.
981 2394 1076 2440 Lips.
1106 2394 1169 2429 sed
1198 2394 1232 2428 in
1254 2394 1298 2428 M.
1330 2394 1485 2429 secunda
1514 2405 1639 2430 manus

157 2451 282 2486 divisit.
403 2451 545 2498 χρεΐαν
565 2450 603 2484 G.

269 2507 361 2543 495.
404 2502 567 2552 δαίμοσι
589 2505 632 2539 M.
657 2506 695 2540 G.
718 2505 785 2540 vit.
816 2505 911 2551 Lips.
931 2506 1020 2551 Aug.
1044 2504 1124 2540 edd.
1146 2510 1230 2539 vett.
1280 2504 1474 2540 Emendate
1497 2505 1638 2540 Grotius

157 2562 190 2596 in
211 2562 395 2608 Excerptis
416 2573 452 2608 p.
481 2562 540 2596 11.

270 2618 355 2652 Posi
384 2618 477 2652 hunc
508 2626 646 2650 versum
680 2616 787 2651 credo
817 2626 925 2651 unum
948 2615 1132 2651 excidisse.
1174 2614 1260 2650 Nam
1280 2626 1352 2650 non
1374 2615 1489 2651 solum
1511 2616 1643 2663 copula⁴

157 2672 270 2713 deest,
295 2673 358 2708 sed
380 2673 484 2707 etiam
506 2671 596 2706 sellis
618 2671 718 2707 color
740 2677 773 2706 ct
796 2671 907 2707 forma
930 2683 987 2707 res
1010 2671 1144 2707 alienae
1166 2676 1261 2707 sunt.
1302 2671 1394 2707 Nihil
1415 2672 1518 2713 enim,
1543 2671 1639 2719 quod
1699 2683 1702 2685 ·

234 2738 444 2766 AESCHYLUS
462 2738 496 2764 ll.
1350 2736 1368 2767 7
