1878 3115
220 195 301 235 224
780 197 1124 233 ADNOTATIONES

337 306 428 342 588.
460 297 591 339 οὐκέτι
613 301 656 337 Μ.

336 362 426 397 589.
459 352 544 394 οὐδ’
566 352 622 393 ἔτι
643 356 688 392 Μ.
712 356 750 392 G.
773 356 841 391 Vit.
862 356 957 403 LiPS.
979 355 1058 391 Par.
1075 354 1115 390 N.
1139 354 1427 402 adscriptumque
1448 356 1483 391 in
1503 356 1581 392 Par.
1597 359 1637 392 A.
1656 356 1694 392 B.

222 411 353 452 ου’κὲτι
369 414 457 450 Rob.
499 412 615 448 Ceteri
637 405 710 447 οὐκ
731 406 800 448 ἴτι.
835 412 996 447 Praestat
1012 412 1126 447 oratio
1143 410 1293 458 copulae
1311 410 1453 446 defectu
1470 413 1693 448 commotior.

333 468 697 518 ‹luouoqopofiowi
686 468 731 503 M.
753 467 831 502 Par.
850 467 888 502 L.
940 464 1250 516 ὁασμοφοροῦσι
1280 467 1411 508 ceteri,
1442 467 1509 502 nisi
1537 468 1632 514 quod
1654 479 1695 503 ex

221 527 297 561 Par.
317 526 355 560 B.
377 536 438 575 φρ.
461 536 525 559 και
549 521 902 587 ὁαμοςφοροῦνται
925 522 991 567 (sic
1013 522 1164 569 editum)
1186 522 1356 558 Faehsius
1379 522 1493 557 affert.

335 582 426 617 590.
459 571 764 615 δεσποσύνοισιν
784 579 829 614 M.
852 578 891 613 G.
909 578 1004 625 Lips.
1028 583 1063 613 et
1083 577 1245 625 plerique
1266 577 1404 624 reliqui.
1446 571 1696 638 ὁεσποσύνῃ-

220 647 284 672 σιν
313 636 379 671 Vit.
411 635 576 671 Cantabr.
599 637 632 670 1.
654 634 732 670 Par.
756 633 793 669 C.
825 633 902 669 ΑΜ.
933 633 1022 669 Rob.
1051 634 1156 669 Turn.
1189 638 1225 669 et
1253 633 1472 680 adscriptum
1499 633 1534 668 in
1555 633 1633 668 Par.
1655 633 1693 669 B.

221 684 530 727 δεσποσύναισιν
550 691 636 725 Ven.
655 690 693 724 B.
716 690 793 724 Par.
813 688 854 725 N.

335 748 426 784 591.
459 739 549 781 ου’τε
571 743 610 788 ἐς
630 745 716 780 Vcn.
734 746 774 780 A.
817 737 903 779 οὐδ’
925 739 965 786 ἐς
984 743 1193 779 Brunckius.
1242 743 1282 779 V.
1306 743 1437 790 Opusc.
1460 743 1518 778 III.
1540 755 1575 790 p.
1604 745 1692 779 155.

330 803 450 851 γαῖαν
469 801 536 836 vit.
661 795 976 850 προπιτνοντες
965 799 1010 834 M.
1032 799 1110 834 Par.
1130 799 1171 834 H.
1187 799 1226 835 L.
1277 799 1600 848 προσπιτνῶντες
1625 799 1693 834 vit.

220 853 537 907 προσπίπτοντες
558 856 596 892 G.
618 856 714 903 LiPS.
744 855 886 902 aliique.
935 850 1234 905 προσπίτνοντα
1255 853 1343 890 Rob.
1384 850 1696 904 προσπίτνοντες

220 914 296 949 A.ld
319 913 424 948 Tur.n

335 969 426 1004 592.
457 966 551 1002 Libri
569 962 767 1013 βασίλεια.
809 965 967 1000 Correxit
988 964 1239 1000 BlomsseldiuS.
1289 964 1508 1000 Scholiastes
1537 959 1588 1000 τὰ
1610 975 1695 1001 τοι-

220 1025 326 1059 αὕτα
345 1016 477 1058 πάντα
497 1017 663 1069 κτητικὰ
681 1016 842 1071 μακρὸν
862 1015 936 1068 ἔχει
957 1015 1004 1056 τὸ
1027 1024 1063 1057 ἃ.
1178 1020 1263 1056 Post
1290 1016 1478 1067 βασίλεια
1506 1021 1640 1056 addunt
1667 1015 1692 1069 ἦ

217 1073 406 1126 βασιλικὴ
428 1078 472 1112 M.
495 1078 572 1112 Par.
594 1077 633 1112 L.
655 1076 695 1112 N.

334 1135 425 1170 593.
459 1127 657 1174 διόλωλας
676 1132 762 1167 Ven.
782 1131 820 1166 B.

334 1190 425 1225 594.
457 1182 589 1223 οὖὸ“έτι
607 1188 645 1223 G.
663 1186 751 1222 Rob.
794 1180 891 1222 οὐδέ
907 1197 967 1222 τοι
985 1187 1080 1234 Lips.
1097 1187 1183 1222 Vcn.
1201 1188 1241 1222 A.
1261 1186 1389 1233 aliique
1411 1186 1583 1222 nonnulli.
1619 1179 1695 1222 οὐκ

217 1239 273 1282 ἔτι
294 1245 361 1281 Vit.

333 1300 424 1336 596.
456 1291 670 1348 ἐλεύθερον
689 1298 756 1334 Vit.
870 1290 1010 1345 βάξειν
1028 1297 1123 1344 LiPS.

333 1356 425 1392 597.
457 1348 594 1399 ἀλκᾶς,
617 1353 661 1388 ad
682 1354 708 1389 ἆ
728 1365 835 1400 supra
857 1353 990 1400 scripto
1011 1365 1049 1401 η,
1071 1353 1166 1400 Lips.
1207 1353 1245 1387 ln
1266 1352 1311 1387 M.
1335 1352 1361 1388 ἅ
1381 1352 1415 1387 in
1434 1352 1462 1401 ἥ
1483 1357 1543 1388 aut
1562 1351 1588 1401 ἦ
1608 1353 1643 1388 in
1664 1352 1694 1388 ἅ

219 1423 237 1446 a
259 1421 332 1446 sec.
354 1421 459 1445 manu
480 1414 666 1444 mutatum.

333 1466 424 1502 598.
456 1457 637 1514 α’ρουραν
656 1465 836 1499 Porsonus
858 1464 891 1498 in
908 1463 1137 1499 Adversariis.
1174 1455 1359 1513 ἄρουραι,
1376 1463 1425 1499 sic
1449 1463 1523 1498 sine
1540 1467 1692 1499 accentu

218 1521 313 1568 Lips.
351 1514 510 1570 ἄρουρα
531 1520 654 1561 ceteri,
678 1520 782 1555 ctiam
805 1520 844 1555 G.

334 1577 425 1613 599.
455 1568 710 1624 περικὶύστα,
732 1575 776 1610 ad
797 1587 823 1609 α
843 1585 949 1620 supra
971 1573 1105 1620 scripto
1126 1584 1164 1620 η,
1186 1573 1280 1620 Lips.
1330 1567 1601 1637 περικὶύστρα
1622 1573 1689 1610 Vit.

333 1632 424 1667 600.
457 1641 588 1675 νασος,
611 1630 653 1665 ad
677 1642 702 1665 α
723 1641 829 1676 supra
852 1630 985 1676 scripto
1006 1642 1044 1677 η,
1067 1629 1162 1675 Lips.
1269 1623 1320 1664 τὰ
1340 1629 1499 1678 περσῶν
1519 1622 1692 1675 σώματα

218 1686 306 1721 Roh.
349 1686 492 1722 Scilicet
512 1679 682 1732 σώματα
703 1685 945 1732 explicationis
967 1694 1092 1719 caussa
1109 1683 1241 1719 habent
1257 1683 1404 1720 scholia.
1446 1684 1555 1720 Recte
1573 1684 1692 1720 Schu-

218 1742 307 1777 tzius
329 1747 451 1777 monet
471 1735 689 1789 πράγματα
710 1741 829 1787 potius
851 1740 997 1786 intelligi
1019 1739 1162 1774 debere.

333 1799 423 1834 601.
456 1797 492 1831 In
514 1796 600 1831 Ven.
617 1798 656 1831 A.
679 1796 858 1842 posterior
877 1807 959 1842 pars
981 1806 1103 1830 versus
1125 1794 1269 1829 evanida
1291 1799 1356 1829 est.
1454 1787 1631 1844 {junopog
1644 1795 1689 1830 M.

218 1858 254 1886 et
273 1852 434 1900 plerique
457 1852 599 1887 codices
621 1857 727 1898 atquc
749 1851 826 1886 Ald.
848 1851 953 1886 Turn.
995 1844 1181 1899 ἔμπειρος
1198 1850 1237 1885 G.
1259 1850 1326 1885 Vit.
1349 1850 1444 1897 LiPS.
1468 1850 1633 1885 Cantahr.
1655 1852 1688 1886 1.

220 1908 256 1943 2.
279 1908 355 1942 Par.
379 1909 416 1942 L.
439 1907 623 1942 Lambeth.
646 1906 735 1941 Rob.
784 1907 951 1942 Abutitur
979 1906 1119 1953 ingenio
1150 1917 1214 1941 suo
1235 1905 1488 1941 Valckenarius
1519 1906 1554 1940 in
1585 1905 1691 1941 Calli-

217 1963 373 1997 macheis
395 1974 430 2008 p.
455 1963 547 1998 207.
569 1957 744 2010 ἷῆιιπορος
764 1961 957 1996 defendens
979 1961 1210 2007 similiterque
1231 1961 1470 2006 interpretans
1488 1960 1523 1996 C
1517 1960 1690 1996 ulimaehi

218 2013 480 2065 συνέμπορον.
522 2016 738 2051 Schutzius
730 2028 764 2050 in
786 2016 921 2051 minore
943 2016 1097 2051 editione
1119 2015 1261 2062 sciipsit
1280 2012 1374 2061 βίου
1394 2011 1468 2062 μὲν
1490 2009 1596 2058 ὅςτις
1616 2011 1688 2063 ἐμ-

218 2082 342 2120 πορος
362 2073 483 2120 κυρξῖ,
506 2071 602 2118 quod
623 2071 820 2117 significare
841 2071 950 2105 voluit
972 2071 1183 2118 quicumque
1203 2071 1243 2105 in
1265 2071 1335 2106 hac
1354 2071 1432 2106 vila
1449 2076 1634 2118 tamquam
1649 2071 1690 2107 in

217 2128 298 2162 salo
319 2129 485 2173 παι-ἱραί.
525 2126 689 2173 Aeschyli
711 2126 971 2173 simplicitatem
993 2126 1053 2172 qui
1073 2125 1158 2160 satis
1180 2125 1358 2171 cognitam
1379 2125 1505 2167 habet,
1529 2137 1599 2160 non
1622 2126 1690 2161 du-

218 2181 343 2217 bitabit
373 2182 455 2229 quin
485 2187 520 2217 et
548 2176 733 2230 ἕμπειρος
753 2193 873 2216 verum
895 2182 940 2216 sit
961 2185 996 2216 et
1016 2181 1160 2216 κακῶν.
1201 2180 1264 2215 Est
1284 2185 1401 2216 autem
1423 2181 1558 2217 κακῶν
1576 2181 1687 2216 multo

219 2236 344 2272 fortius
366 2248 470 2283 quam
489 2233 595 2283 βίου.
636 2237 773 2272 Etenim
795 2237 823 2271 si
845 2248 994 2283 quaeras
1017 2236 1102 2282 quid
1122 2236 1191 2270 hoc
1213 2236 1269 2277 sit,
1290 2231 1403 2282 βίου,
1425 2237 1510 2272 nihil
1530 2237 1688 2283 reperias

218 2292 311 2327 aliud
341 2304 444 2339 quain
475 2297 661 2339 utramque
683 2292 872 2327 fortunam.
912 2292 1018 2338 Atqui
1040 2302 1147 2338 quum
1168 2291 1266 2337 prius
1288 2291 1331 2326 de
1352 2291 1498 2327 adversa
1522 2292 1690 2338 loquatur

218 2353 343 2394 poeta,
366 2348 500 2383 κακῶν
518 2348 637 2394 ponit,
661 2348 756 2396 quod
777 2353 813 2383 et
833 2347 1139 2383 accommodatum
1160 2346 1204 2381 ad
1224 2347 1314 2382 hanc
1336 2348 1547 2383 sententiam
1569 2353 1605 2382 et
1624 2358 1690 2394 per

217 2414 254 2438 sc
276 2403 391 2449 ipsum
413 2404 517 2438 ctiam
539 2403 664 2438 melius
687 2408 752 2438 est.
795 2403 994 2438 Secundam
1016 2402 1107 2437 enim
1130 2402 1305 2437 fortunam
1328 2414 1452 2438 omncs
1471 2403 1551 2450 plus
1572 2403 1687 2438 minus

217 2464 337 2493 notam
366 2458 517 2499 hahent,
551 2459 697 2494 adversa
728 2470 809 2493 vero
840 2470 911 2493 non
940 2469 1063 2493 omnes
1092 2457 1226 2504 affligit.
1268 2459 1390 2504 Itaque
1413 2460 1472 2505 qui
1492 2459 1583 2494 hanc
1605 2462 1688 2493 sunt

217 2514 362 2559 experti,
384 2514 420 2548 hi
442 2514 581 2549 demum
603 2519 700 2549 recte
722 2515 765 2549 de
787 2515 853 2549 vita
869 2514 1024 2549 iudicare
1037 2518 1200 2560 possunt,
1220 2513 1350 2560 quippe
1367 2513 1442 2549 sine
1458 2513 1564 2548 dubio
1582 2513 1686 2548 etiam

217 2568 362 2603 meliore
383 2569 570 2615 aliquando
592 2570 732 2605 fortuna
754 2570 827 2604 usi:
851 2569 947 2616 quod
963 2580 1033 2603 non
1050 2568 1307 2615 praedicaveris
1323 2569 1365 2604 de
1382 2568 1554 2609 felicibus,
1577 2568 1686 2603 fuisse

218 2633 280 2657 eos
302 2623 487 2670 aliquando
511 2625 614 2660 etiam
636 2625 798 2661 miseros.
842 2625 957 2668 Quare
979 2635 1050 2659 non
1072 2635 1162 2671 opus
1184 2623 1248 2659 suit
1267 2629 1306 2659 ut
1322 2624 1507 2671 utriusque
1523 2623 1684 2658 fortunae

217 2688 346 2722 gnaros
373 2685 679 2715 commemoraret.
