1878 3115
222 218 299 257 124
784 220 1127 254 ADNOTATIONES

331 329 422 363 779.
455 323 566 360 δυοῖν
587 325 630 359 Μ.
655 325 693 359 G.
709 324 776 359 Vit.
796 324 890 370 Lips.
914 329 949 359 et
971 324 1081 359 ceteri
1103 328 1272 369 quantum
1295 328 1436 358 constat
1456 322 1546 358 libri.
1589 319 1697 358 δυεῖν

219 394 260 418 ex
279 381 432 417 Turnebi
454 381 606 416 editione
630 379 843 414 obtinuerat.

330 448 385 480 σε,
408 435 651 482 superscripto
674 445 749 479 σοι,
772 434 839 469 Vit.

328 487 504 540 θάτερον
526 490 624 525 Colb.
654 492 685 526 l.
710 495 745 525 et
765 495 846 525 ante
869 489 1129 524 correctionem
1150 489 1284 535 primae
1305 500 1429 523 manus
1452 489 1519 523 Vit.

331 547 421 583 780.
452 541 581 580 ποίοιν
608 546 799 592 postremis
827 544 940 580 tribus
971 545 1096 580 litteris
1127 545 1161 579 in
1191 544 1295 579 litura
1317 544 1360 578 M.
1409 540 1537 585 ποίοις
1556 544 1633 578 Par.
1657 544 1695 579 Ε.

219 598 390 637 ποίοισιν
411 601 495 636 Ven.
524 602 556 636 1.

333 657 425 693 782.
457 651 611 705 φράσαι
632 654 721 691 Rob.

329 708 399 747 τὸν
419 706 633 747 {malaeum}
653 722 701 757 με
725 711 763 746 G.
787 716 822 745 et
844 710 900 746 alii
920 710 1078 745 nonnulli
1101 710 1257 746 codices.

339 769 430 804 783.
463 762 535 814 τὴν
557 762 597 801 δ’
622 763 707 812 ἐμοὶ
731 763 858 810 δίδου,
882 767 1013 801 omisso
1030 762 1162 814 χάριν,
1186 766 1224 800 G.

331 824 422 859 784.
455 817 588 863 οἴκους
617 833 681 868 pro
711 817 852 869 λόγους
873 822 938 857 Vit.
970 822 1032 856 sed
1064 833 1169 867 supra
1192 821 1362 867 seriptum
1384 831 1444 868 γρ.
1467 816 1531 854 καὶ
1554 815 1697 867 λόγους

217 873 281 912 καὶ
318 874 391 920 τὰς
422 872 665 924 ὑποσχέσεις.
718 877 828 912 Aliter
857 877 944 912 alius
967 877 1146 923 glossator
1167 877 1441 922 interpretatur,
1465 871 1558 917 τοὺς
1578 871 1698 921 ἐμοὺς

217 929 413 980 δηλονότι.
454 933 639 967 Elmsleius
671 933 866 967 certissime
898 944 934 967 se
964 943 1138 978 reponere
1167 931 1314 978 putabat
1344 927 1475 978 λόγον.
1524 931 1574 965 Eo
1608 930 1697 965 trabi

216 994 368 1035 possunt
397 989 463 1023 hae
493 988 762 1034 explicationes,
798 984 854 1035 μὴ
884 983 1117 1037 ἀπορρίψῃς
1145 983 1209 1034 καὶ
1239 982 1311 1021 οὐκ
1340 982 1536 1034 ἐθελήσῃς
1565 983 1696 1020 εἰπεῖν.

217 1039 363 1090 ἀτίμοπ
367 1055 386 1085 ς
405 1039 523 1090 ποιήσ
525 1055 582 1092 9ς.

332 1100 422 1136 785.
456 1095 520 1133 καὶ
550 1095 669 1146 τῆσδε
697 1093 790 1145 μὲν,
821 1110 873 1146 9’«··
857 1094 950 1133 ’νόιε
972 1098 1066 1145 Lips.
1182 1099 1232 1146 τῆ
1254 1095 1371 1145 λοιπῇ
1393 1102 1474 1131 ante
1497 1096 1696 1132 correctio—

217 1165 297 1188 nem
319 1154 452 1200 pinuae
474 1165 597 1188 manus
620 1154 664 1188 M.

331 1210 421 1245 786.
453 1204 625 1243 λύσοντά
646 1220 688 1243 σε
711 1209 750 1243 G.
774 1213 809 1243 et
829 1209 932 1254 pauci
954 1208 1022 1243 alii.
1064 1203 1237 1242 λύσοντα
1257 1203 1301 1242 σὲ
1322 1207 1421 1242 Bess.
1444 1207 1520 1242 Ald.

327 1265 446 1299 τοῦτο
467 1260 542 1313 γὰρ
565 1264 633 1298 νῦν
650 1262 770 1298 ποθῶ
790 1264 885 1309 Lips.
908 1263 1083 1309 paucique
1106 1263 1162 1297 alii
1184 1268 1219 1297 et
1239 1262 1316 1297 Ald.

331 1321 421 1356 788.
454 1314 499 1354 οὐ
522 1319 688 1354 omittunt
710 1319 749 1354 G.
771 1319 898 1365 aliique
922 1319 1064 1354 codices
1087 1324 1122 1353 et
1143 1318 1230 1353 Rob.
1249 1323 1284 1353 et
1306 1330 1324 1353 a
1346 1330 1399 1364 pr.
1422 1329 1527 1353 manu
1545 1319 1588 1353 M.
1625 1318 1696 1353 Ila—

215 1374 301 1409 bent
323 1370 367 1410 οὗ
391 1375 455 1409 vit.
473 1375 566 1420 Lips.
590 1374 666 1409 Ald.
690 1380 725 1410 et
745 1375 1027 1421 superscriptum
1049 1386 1067 1409 a
1089 1386 1162 1409 see.
1184 1385 1290 1408 manu
1312 1374 1355 1408 M.

328 1423 497 1477 ὅσονπερ
513 1425 675 1477 χρήζετε
698 1430 792 1476 Lips.

330 1487 420 1521 790.
453 1481 710 1534 ἐγγράφουσα
737 1496 756 1519 a
786 1497 839 1531 pr.
868 1497 972 1521 manu
1001 1484 1167 1520 habuisse
1198 1484 1335 1519 videtur
1355 1485 1399 1519 M.
1423 1479 1625 1534 ἐγγράφου
1645 1480 1695 1520 σὺ

215 1539 323 1575 habet
344 1552 362 1575 a
384 1540 552 1576 secunda.

326 1591 525 1642 μνήμοσιν
545 1595 589 1630 M.
629 1590 802 1642 μνήμοσι
826 1596 865 1630 G.
888 1596 954 1630 Vit.
977 1596 1071 1641 Lips.
1095 1596 1222 1641 aliique
1245 1600 1279 1630 et
1301 1595 1380 1629 edd.
1404 1600 1485 1629 ante
1508 1595 1595 1630 Viet.

329 1651 562 1685 Imitationem
585 1651 768 1697 scriptoris
792 1651 849 1697 qui
866 1651 1095 1697 Hermippum
1118 1651 1294 1697 dialogum
1317 1650 1411 1690 fecit,
1435 1650 1528 1696 apud
1543 1650 1695 1685 Schnei—

217 1706 339 1741 delun]
361 1707 395 1741 in
415 1706 634 1752 praefatione
655 1706 889 1753 Theoplnasti
910 1719 945 1753 p.
970 1707 1033 1742 25.
1056 1707 1234 1742 adnotivit
1256 1706 1466 1747 Dindorfius,
1490 1702 1554 1740 καὶ
1577 1701 1693 1754 ἔγωγε

214 1773 389 1809 ιινι9μοσι
412 1758 477 1796 ὸέ3
483 1772 563 1803 τοις
583 1763 739 1811 ([ρξνῑῦν
758 1758 867 1797 ταῦτ
891 1757 1158 1811 ἐ99νράψομαι.

330 1819 420 1853 791.
454 1810 508 1852 ὅτ
534 1812 582 1851 ἀν
603 1817 668 1851 vit.
784 1811 891 1865 ὅοων
912 1818 950 1852 (1.
973 1817 1050 1852 Ald.

331 1873 421 1909 792.
454 1867 626 1914 ἀντολὰς
647 1872 689 1906 Μ.
714 1873 753 1908 G.
776 1873 852 1908 Alit.
876 1873 963 1908 Rob.
1007 1868 1208 1914 ἀνατολὰς
1229 1873 1293 1907 Vit.
1317 1872 1411 1918 Lips.
1435 1871 1576 1918 aliique.

328 1926 545 1976 φλογῶπας
565 1928 729 1962 Pauwius
751 1934 787 1963 et
806 1929 865 1969 ita,
889 1934 928 1963 ut
948 1929 1095 1969 videtur,
1119 1928 1163 1962 M.
1205 1923 1424 1977 φλογωπὰς
1445 1928 1483 1961 G.
1508 1927 1572 1962 Vit.
1596 1927 1693 1975 Lips.

217 1987 252 2017 et
273 1983 383 2018 ceteri
403 1982 481 2016 libri
503 1988 644 2028 praeter
664 1983 739 2017 Ald.
764 1995 853 2030 quae
875 1980 1082 2033 φ3.ο9ὀπὰς
1102 1983 1221 2018 babet.

326 2033 558 2084 ἡλιοστιζεΐς
577 2037 672 2083 Lips.

329 2093 413 2127 Post
433 2093 527 2127 hune
548 2104 687 2127 versum
710 2093 839 2138 aliquid
861 2093 1031 2128 excidisse
1054 2093 1248 2128 Brunckius
1270 2093 1403 2139 primus
1426 2096 1607 2131 intellexit.

331 2149 421 2184 793.
454 2143 598 2183 πόντον
618 2148 661 2182 Μ.
686 2148 724 2183 G.
748 2149 833 2183 Ven.
864 2150 894 2183 l.
917 2149 1015 2183 Bess.
1039 2149 1115 2183 Ald.
1233 2144 1308 2183 ἴστ’
1334 2144 1383 2184 ἂν
1405 2151 1469 2186 Vit.

331 2204 421 2239 794.
453 2199 648 2249 σκυθίνης
669 2204 707 2238 G.
731 2204 858 2250 aliique
875 2212 909 2238 et
924 2204 1001 2239 Ald.
1021 2204 1108 2239 Rob.
1150 2198 1355 2252 σκιιθήνης
1377 2206 1475 2241 Colb.
1498 2209 1527 2242 l.
1551 2206 1690 2253 aliique.

217 2254 385 2305 κτθίνης
410 2258 495 2293 Ven.
528 2259 563 2294 3.
619 2254 787 2306 κιθήνης
816 2259 880 2294 Vit.
919 2259 977 2303 (de
1013 2271 1082 2305 quo
1113 2259 1198 2294 salsa
1231 2260 1340 2295 refert
1380 2262 1558 2307 Butlerus)
1596 2262 1690 2309 Lips.

217 2313 315 2348 Colb.
341 2315 376 2349 2.
437 2310 620 2360 κισθίνι9ς
646 2314 751 2349 Turn.
812 2315 937 2350 Veram
973 2316 1182 2361 scripturam
1221 2312 1416 2363 κισθήνης
1445 2317 1610 2352 exhibent
1648 2318 1690 2352 M.

218 2369 294 2403 Par.
325 2371 364 2404 A.
398 2370 434 2404 C.
466 2369 504 2403 l).
541 2374 575 2403 et
610 2369 826 2416 adscliptum
861 2365 1055 2418 κισθηνης
1088 2371 1122 2405 in
1158 2372 1234 2406 Par.
1265 2371 1302 2405 Β.
1362 2373 1595 2419 Harpocratio
1618 2371 1693 2408 Κι-

216 2419 369 2471 σθήιη,
395 2419 626 2473 Ἰσοκοάτης
645 2423 925 2476 Πανν99τοικιῦ
947 2426 997 2471 (ς’.
1026 2428 1113 2462 153.
1144 2438 1178 2473 p.
1205 2428 1267 2462 72.
1300 2427 1454 2475 Steph.).
1505 2422 1598 2477 ὄρος
1624 2429 1694 2476 τῆς

224 2475 396 2529 Θοάκι9ς.
426 2477 582 2528 Κοαῖιν
576 2491 628 2521 ’ος

938 2529 982 2543 Η·-

215 2588 360 2623 Pliotius
383 2585 545 2637 Κισθην
550 2602 583 2636 79,
606 2584 699 2639 όοος
720 2603 789 2638 της
813 2587 987 2642 Θοῑικης.
1031 2563 1159 2627 Eidem
1184 2551 1320 2634 Suidas,
1345 2594 1438 2640 apud
1461 2605 1565 2640 quem
1586 2591 1691 2629 Κισ-

216 2653 288 2689 σν9ι
293 2656 312 2689 19
336 2644 476 2689 legitur.
518 2645 630 2681 Hesi«
636 2647 713 2680 liius
736 2644 920 2693 Κισσινη,
943 2643 1055 2689 πό3ις
1076 2645 1139 2682 καὶ
1162 2643 1255 2697 όοος
1277 2647 1316 2683 ἐν
1341 2644 1497 2699 Θοάκη.
1536 2648 1690 2683 Aeolidis

217 2697 300 2733 urbs·
338 2699 502 2734 Cisthene
538 2701 580 2734 ad
616 2702 728 2736 sinum
760 2702 1048 2749 Adramyttenuin
1084 2710 1300 2739 memoratur
1335 2704 1516 2751 Stephano
1545 2703 1626 2750 Byz.
1655 2704 1690 2738 in
