1878 3115
257 175 309 215 32
818 178 1161 215 ADNOTATIONES

255 286 473 332 adscriptum
494 284 602 320 fuisse
623 283 792 325 videatur,
816 288 851 318 et
873 283 912 318 G.
934 283 974 318 Ε.
996 283 1077 325 τιῦς
1096 277 1230 327 πόλις,
1253 293 1359 329 supra
1381 282 1560 329 adscripto
1581 277 1726 328 πόλεις,

256 341 293 376 Ρ.
335 337 414 383 τῶς
433 336 547 382 πόλις
566 339 654 374 Rob.
702 341 871 385 Apertum
895 344 949 373 est
969 339 1172 387 γεραροῖσι
1195 349 1318 373 carcre
1340 338 1578 380 substantivo,
1611 344 1647 373 et
1667 343 1728 373 ant

255 391 456 444 γεμόντων
476 401 535 430 aut
556 388 781 444 ([λεγόντων
800 393 1011 429 redundare.
1052 391 1221 427 Nimirum
1243 388 1469 442 φλεγόντων
1488 405 1553 440 per
1569 404 1727 429 errorem

256 452 426 497 scripttnn
448 456 523 485 erat
544 460 608 496 pro
632 444 854 498 φλεόντων,
891 461 959 495 quo
989 449 1097 483 verbo
1129 459 1215 483 usus
1248 453 1303 483 est
1322 449 1518 495 Aeschylus
1547 448 1583 484 in
1603 451 1726 495 Agam.

258 508 349 542 361.
377 508 493 542 1377.
536 505 618 539 Eius
649 504 894 550 interpretatio
925 500 1126 552 γεμόντων
1146 503 1230 539 fecit
1251 506 1290 538 ut
1311 504 1538 538 omitteretur
1559 504 1728 539 substan-

257 561 374 596 tivum.
430 560 468 595 ld
503 571 611 607 quum
645 560 825 595 videretur
859 555 1101 608 προβούλοις
1137 559 1266 599 fuisse,
1305 559 1349 593 ad
1378 570 1458 594 eum
1487 559 1631 594 modum
1660 559 1728 594 ista

256 616 448 651 emendavi.

368 672 460 707 645.
500 665 602 718 μέγα
622 670 666 704 Μ.
691 670 729 705 G.
752 670 788 704 P.
812 669 851 704 E.
874 669 963 704 Rob.
1003 665 1129 717 μέγαν
1148 669 1284 704 Aldina.

368 728 459 762 646.
501 726 594 760 Libri
612 720 653 760 δ’
671 720 905 773 ὑπέρτατον.
937 725 1108 759 Canterus
1126 736 1167 759 ex
1183 725 1273 760 mala
1292 724 1497 760 coniectura
1512 719 1586 760 Δί’
1603 719 1727 772 ὑπέρ-

253 793 386 817 τατον.
425 783 565 822 Colanl,
585 781 709 827 inquit,
730 782 861 820 lovem,
878 781 1076 827 praecipue
1092 787 1209 816 autem
1225 783 1347 816 lovem
1362 781 1589 826 hospitalem.
1627 780 1727 815 Nulla

254 837 403 873 offensio
425 842 480 871 est
500 836 535 870 in
554 836 651 871 brevi
673 835 805 882 syllaba
835 835 948 876 finali,
980 835 1046 870 alio
1076 841 1248 881 sequente
1276 846 1436 870 numero.
1494 835 1724 877 Scholiastes‚

255 892 362 928 stulte
385 892 525 938 quidem
547 886 748 937 σεβόντων
767 891 990 938 participium
1013 901 1092 926 esse
1113 895 1232 932 ratus,
1263 891 1452 938 adscripsit
1481 891 1563 926 τῶν
1590 886 1727 941 γερόν-

253 959 334 983 των
354 943 554 993 σεβόντων
575 942 643 982 τὸν
663 942 749 981 Ala
769 941 839 982 τὸν
859 941 984 989 ξένιον
1002 940 1247 995 ὑπερτάτως.

368 1004 459 1039 647.
503 997 557 1044 ὡς
578 1003 621 1037 Μ.
644 1001 732 1036 Rob.
775 995 828 1043 ὣς
849 1002 888 1036 G.
930 995 973 1043 ὃς
993 1001 1189 1036 Turnebus.

368 1059 459 1095 648.
503 1053 544 1092 δ’
570 1052 742 1106 ἐφόροις
762 1057 834 1105 γᾶς
855 1057 898 1091 Μ.
922 1058 960 1091 G.
1003 1052 1042 1091 δ’
1064 1051 1267 1106 ἒμφόρους
1286 1057 1358 1104 γᾶς
1379 1056 1467 1091 Rob.
1510 1050 1550 1090 δ’
1571 1050 1630 1105 ἐφ’
1656 1051 1726 1105 59-

253 1124 332 1161 γως
351 1113 427 1147 Ald.
470 1113 553 1147 Inde
577 1108 617 1146 δ’
643 1107 791 1161 εὖόρως
806 1111 1003 1147 Turnebus.
1047 1111 1170 1147 Veram
1192 1112 1404 1158 scripturam
1427 1107 1469 1146 δὲ
1485 1106 1637 1160 ᾳόρους
1651 1112 1725 1159 γᾶς

253 1169 485 1203 restituerunt
506 1167 704 1202 Erfurdtius
727 1173 762 1202 et
783 1167 824 1202 H.
843 1168 881 1202 L.
899 1168 1049 1201 Abrens.
1077 1163 1299 1202 Τίκτεσθαι
1323 1163 1366 1201 δὲ
1387 1162 1540 1216 φόρους
1559 1167 1633 1214 γᾶς
1651 1161 1725 1202 ἄλ-

253 1222 347 1265 λους
367 1217 552 1269 eblone&
574 1218 646 1267 ἀεί,
668 1234 711 1257 ne
732 1222 854 1257 inutile
877 1222 921 1256 sit
943 1215 1101 1266 ἄλλους,
1120 1222 1169 1257 sic
1188 1228 1242 1257 est
1258 1222 1537 1269 intelligendum,
1555 1227 1594 1257 ut
1608 1233 1724 1269 neque

253 1290 358 1325 agros
380 1279 518 1313 steriles
540 1278 613 1312 fieri
635 1289 750 1324 neque
772 1278 918 1313 arbores
941 1288 1146 1313 exarescere
1169 1283 1281 1324 optet.

367 1335 458 1369 651.
500 1329 642 1381 λόγους
661 1334 705 1368 Μ.
729 1334 768 1368 G.
791 1333 830 1368 E.
881 1328 1024 1380 λόχοτς
1050 1332 1277 1368 Robortellus
1308 1344 1348 1369 ex
1377 1332 1624 1368 emendatione
1656 1332 1724 1367 So-

251 1389 383 1436 phiani.

367 1445 458 1480 652.
498 1439 553 1490 μὴ
576 1438 687 1485 &ing
708 1443 746 1478 G.

368 1501 459 1536 653.
502 1496 650 1541 &affimat
670 1499 714 1533 M.
738 1499 776 1533 G.
799 1497 888 1533 Rob.
937 1493 1083 1542 δαΐζων
1102 1498 1244 1540 Aldina,
1279 1503 1314 1534 et
1335 1494 1481 1543 δαίζων
1501 1498 1535 1533 in
1557 1498 1600 1533 M.
1623 1498 1721 1545 prius

253 1555 423 1601 scriptum
445 1554 551 1589 fuisse
572 1554 720 1589 videtur.
1589 1600 1597 1602 ὴ

368 1610 598 1646 654-656.
639 1609 733 1644 Libri
755 1602 902 1656 ἷὶχορος
922 1602 1123 1657 ἀκίθαρις.
1163 1609 1249 1644 Tum
1272 1603 1518 1657 δακυογόνου
1540 1609 1578 1644 Ε.
1622 1602 1723 1657 ἄρην

252 1665 340 1700 Rob.
380 1660 484 1711 βοάν
506 1664 622 1710 (βοᾶν
638 1665 681 1698 Μ.
702 1676 720 1699 a
742 1676 787 1698 1n.
811 1664 937 1710 prima)
960 1676 999 1698 τε
1023 1661 1151 1712 δῆμον
1173 1659 1328 1711 (δήμων
1348 1664 1453 1709 Rob.)
1478 1661 1550 1707 ἔξω
1572 1661 1723 1708 παίζων

253 1721 297 1754 Μ.
322 1721 360 1755 G.
385 1721 422 1755 E.
446 1721 482 1754 P.
506 1719 593 1755 Rob.
637 1719 707 1754 Sed
736 1720 829 1766 apud
850 1719 1077 1754 Plutarchum
1098 1720 1133 1754 in
1153 1720 1333 1754 Amatorio
1364 1731 1394 1755 c.
1423 1721 1482 1756 16.
1506 1732 1541 1766 p.
1567 1721 1658 1756 758.
1682 1720 1719 1755 F.

253 1775 381 1821 legitur
417 1769 560 1823 ἄχαριν
595 1769 787 1823 ἀκίθαριν
819 1771 957 1808 δακ...
987 1771 1104 1822 γόνον
1125 1769 1175 1824 ἀρ
1189 1800 1278 1809 .....
1302 1775 1394 1810 τᾶτε
1417 1772 1546 1822 δῆμον
1566 1771 1722 1818 ἐξοπλί-

254 1826 387 1874 ζοτσα,
410 1831 545 1865 scilicet
563 1826 700 1876 μανία,
724 1842 827 1876 quam
851 1841 957 1876 quum
980 1825 1209 1879 ἀρειμάνιον
1230 1835 1264 1865 et
1285 1826 1500 1878 πολεμικήν
1521 1830 1614 1865 dicat
1631 1830 1722 1865 scri-

252 1891 345 1931 ptor,
369 1892 516 1931 apparet
538 1897 616 1920 eum
639 1896 781 1931 quoque
793 1880 893 1934 ’Ἀρη
915 1885 1056 1931 legisse,
1081 1891 1119 1920 ut
1141 1885 1245 1920 estin
1262 1885 1442 1920 codicibus
1460 1886 1634 1932 Aeschyli.
1672 1886 1721 1920 Ex

253 1941 442 1975 Plutarcho
465 1934 613 1990 ἄχορον
634 1936 826 1989 ἀκίθαριν
846 1941 982 1987 recepit
1003 1941 1195 1976 Porsonus.
1245 1940 1463 1975 Sclioliastes
1493 1940 1536 1975 ad
1554 1937 1659 1986 βοάν
1679 1952 1719 1976 τε

253 1992 382 2043 δῆμον
415 1995 603 2041 adscripsit
638 1991 833 2045 ἐμφύλιον
866 1991 1011 2043 μάχην.
1070 1992 1142 2043 τὴν
1170 1992 1229 2030 ἐπὶ
1252 1997 1335 2038 τοῖς
1356 1991 1583 2031 ἀπολωλόσι
1604 1992 1718 2043 βοήν.

253 2050 350 2094 Quae
379 2056 539 2097 apertum
562 2056 616 2085 est
637 2051 706 2085 duo
729 2050 863 2085 scholia
885 2062 983 2092 esse,
1016 2062 1166 2097 quorum
1188 2051 1285 2096 prius
1307 2051 1349 2085 ad
1369 2046 1474 2097 βοάν
1493 2046 1525 2085 τ’
1550 2046 1720 2098 ἔνδημον

253 2106 366 2147 ducit,
401 2106 496 2152 quod
517 2106 679 2140 Pauwius
700 2106 903 2152 ponendum
925 2117 1004 2141 esse
1025 2106 1120 2141 vidit.
1156 2101 1395 2150 Ἐξοπλίζων
1415 2106 1590 2141 Stanleius
1612 2107 1719 2141 resti-

254 2162 329 2196 tuit.
370 2161 433 2196 Vbi
455 2166 490 2195 et
510 2160 614 2195 verba
636 2161 771 2207 singula
792 2166 889 2195 recte
912 2172 949 2196 se
971 2161 1103 2196 habent
1124 2166 1159 2196 et
1180 2161 1398 2196 constructio
1421 2172 1542 2196 eorum
1564 2173 1635 2196 non
1651 2162 1719 2196 im-

251 2216 369 2263 pedita
391 2222 456 2257 est,
479 2216 625 2262 intelligi
646 2222 790 2262 putatur
811 2217 996 2257 sententia,
1021 2217 1124 2251 etiam
1147 2217 1174 2251 si
1197 2221 1251 2251 est
1268 2216 1531 2251 obscurissima.
1574 2217 1718 2251 Certant

254 2272 346 2306 inter
367 2283 404 2306 se
427 2271 643 2306 belnichoria
663 2272 797 2318 Argivis
818 2271 911 2306 bona
933 2283 951 2306 a
973 2272 1036 2306 diis
1058 2277 1266 2318 precantes,
1289 2276 1328 2307 ut
1348 2283 1419 2306 non
1440 2272 1635 2306 mirandum
1658 2272 1714 2313 sit,

252 2330 281 2361 si
316 2327 454 2373 quando
491 2327 614 2361 snnilia
644 2332 678 2362 et
704 2327 962 2373 propemodum
995 2327 1117 2362 eadem
1146 2327 1274 2362 dicant.
1323 2327 1399 2362 Non
1430 2327 1579 2362 decebat
1599 2332 1716 2362 tamen

250 2394 397 2428 prorsus
427 2382 549 2417 eadem
579 2383 704 2428 repeti.
760 2382 858 2417 Nunc
889 2394 919 2417 V.
945 2383 1036 2418 616.
1067 2387 1273 2428 optaverant
1300 2393 1344 2417 ne
1365 2382 1450 2417 urbs
1471 2382 1513 2417 ab
1535 2383 1639 2418 hoste
1660 2383 1716 2417 in-

251 2448 357 2472 censa
386 2438 536 2483 periret,
568 2449 597 2472 ν.
623 2438 715 2473 652.
747 2449 791 2473 ne
812 2443 914 2484 peste
934 2443 1155 2479 vastaretur,
1185 2449 1216 2472 v,
1242 2439 1333 2474 636.
1356 2449 1399 2472 ne
1420 2449 1485 2484 per
1506 2438 1715 2473 seditionem

250 2498 392 2526 mutuae
415 2493 541 2527 caedes
563 2492 706 2533 fierent,
735 2505 766 2528 v,
792 2494 883 2529 656.
908 2498 1032 2539 optant
1052 2498 1091 2528 nt
1111 2492 1224 2528 morbi
1246 2498 1446 2528 arceantur.
1504 2493 1588 2536 Quis
1609 2493 1716 2539 igitur

251 2553 305 2582 est
327 2548 385 2592 qui
407 2548 462 2581 hic
484 2543 614 2594 λοιγός
634 2546 788 2583 dicitur?
834 2549 1006 2589 Istorum,
1031 2548 1157 2589 credo,
1182 2548 1286 2589 nihil,
1310 2548 1372 2583 sed
1394 2548 1486 2582 aliud
1508 2548 1601 2594 qnid.
1643 2548 1713 2582 lam

251 2613 357 2647 quum
380 2597 509 2649 λοιγός
530 2608 564 2636 et
585 2597 813 2652 ἀνδροκμής
829 2608 864 2638 et
878 2597 993 2638 πόλιν
1009 2599 1154 2647 δαΐζων
1170 2609 1205 2638 et
1221 2599 1431 2647 ἐξοπλίζων
1440 2597 1540 2651 Ἄρη
1563 2603 1710 2643 dicatur,

248 2668 447 2703 pugnarum
475 2663 510 2692 et
538 2658 696 2694 caedium
718 2670 862 2695 caussas
884 2658 1064 2694 contineat
1084 2669 1233 2694 necesse
1255 2664 1320 2694 est.
1361 2659 1405 2693 At
1426 2662 1461 2693 et
1481 2658 1636 2693 bostium
1657 2657 1713 2692 in-
