1878 3115
242 200 318 239 190
795 204 1137 237 ADNOTATioNEs

350 309 440 346 302.
471 301 858 354 θαλασσόπληκτον,
889 319 995 353 supra
1024 307 1204 353 adscripto
1227 308 1269 342 ad
1290 309 1519 354 penultimam
1541 309 1709 356 syllabam

236 377 297 414 αγ,
321 365 403 400 Ven.
423 365 460 399 Β.
501 357 871 398 θαλασσόπλακτον
892 362 975 397 Veii.
994 364 1034 397 Α.
1058 368 1092 397 et
1113 363 1248 409 aliquot
1269 363 1336 398 alii.
1390 359 1710 413 θαλασσόπλαγ-

235 433 328 457 mou
349 421 425 455 Par.
450 421 486 453 tl.
510 419 551 453 H.
669 429 712 459 ος
734 419 853 465 νῆσος
882 419 957 453 Par.
982 420 1018 453 C.
1107 412 1216 454 πόλει
1239 420 1278 454 G.
1319 419 1502 466 Adolphus
1524 420 1709 467 Emperius

236 478 268 510 in
290 476 384 511 Actis
408 486 482 509 soc.
500 476 653 508 Graecae
671 474 696 508 Ι.
718 485 753 519 p.
769 475 860 511 363.
883 474 1109 509 scribendum
1131 474 1283 509 coniecit
1304 472 1454 511 σποδεῖ.
1489 475 1566 510 Νοιι
1581 476 1708 522 probo.

349 532 439 567 303.
472 523 699 578 καργήστης
729 529 773 563 Μ.
829 523 1083 579 κάργήστρης
1112 530 1150 564 G.
1207 524 1425 579 κάργίστης
1452 530 1518 565 Vit.
1571 525 1710 582 κᾴργι-

234 582 331 633 στὴς
350 586 444 632 Lips.

348 643 440 678 304.
473 634 565 674 (ἥδ’
588 640 631 674 Μ.
674 634 748 675 οἶδ’
771 639 866 686 Lips.

344 697 397 732 Ad
426 697 529 731 finem
559 707 683 730 versus
712 707 773 743 γρ.
805 693 1007 742 aulanam
1029 695 1500 743 suprascriptu111inLips.
1543 696 1709 743 lntelligit

235 752 445 787 Salaminem
467 751 690 786 scholiastes.
732 751 927 797 Hesychius
948 747 1295 800 πελειοθρέμμονα
1316 752 1437 798 νῆσον
1456 752 1490 786 in
1511 752 1621 787 lexico
1644 763 1708 787 suo

234 809 371 855 posuit,
402 807 457 842 eui
485 807 601 841 addita
633 812 688 841 est
709 805 820 841 aliena
842 806 884 841 ab
906 807 960 841 his
981 807 1096 841 verhis
1118 807 1298 841 adnotatio
1314 800 1589 855 Ἀριστοτέλης
1610 804 1708 856 φησὶ

236 861 328 912 ὸίαᾳ
339 859 439 912 {pem
459 856 694 911 περιστερὰς
715 858 778 896 καὶ
800 856 966 903 πελειάς.
1009 862 1078 897 Sed
1099 862 1323 897 referendum
1345 863 1414 899 huc
1437 868 1491 897 est
1513 863 1608 909 quod
1629 874 1710 898 mox

235 924 402 964 corrupte
432 918 525 964 apud
554 929 633 951 cum
664 917 835 963 scriptum
865 923 919 951 est
939 912 1216 965 πελεστόθρην
1237 918 1368 964 νῆσον,
1391 913 1462 965 τὴν
1483 915 1708 964 Σαλαμῖνα.

234 974 444 1009 Salaminem
467 978 588 1008 anates
610 978 727 1018 potius
750 983 854 1018 quam
876 972 1058 1007 columbas
1079 973 1207 1008 aluisse
1227 973 1387 1007 Butlerus
1410 984 1451 1007 ex
1467 973 1651 1008 Eustathio
1673 985 1707 1020 p.

236 1031 326 1069 284,
346 1031 410 1065 44.
434 1029 578 1073 colligit.
616 1028 791 1062 Stanleius
814 1028 909 1073 quod
931 1028 1112 1063 columbas
1135 1039 1269 1062 summa
1291 1040 1375 1063 cura
1396 1028 1442 1062 ihi
1464 1029 1612 1063 nutritas
1636 1029 1709 1063 exi—

235 1085 403 1125 sufflavit,
442 1095 549 1130 quum
585 1095 625 1118 ex
647 1084 800 1118 Homero
832 1084 988 1119 discatur
1009 1096 1085 1119 eam
1108 1084 1257 1118 insulam
1279 1084 1406 1118 Veneri
1427 1095 1563 1119 sacram
1586 1084 1705 1125 fuisse,

233 1141 454 1186 negligenter
482 1139 683 1185 inspexerat
712 1139 879 1185 hymnum
908 1140 1080 1174 minorem
1102 1139 1247 1175 Veneris
1270 1139 1348 1186 (X),
1386 1139 1420 1173 in
1453 1150 1522 1185 quo
1547 1140 1707 1186 Cypriam

233 1196 444 1231 Salaminem
466 1195 594 1240 respici
616 1200 778 1240 apertum
800 1200 865 1235 cst,

425 1251 542 1298 χαῖρε
564 1245 644 1284 θεὰ
665 1247 896 1296 Σαλαμῖνος
916 1245 1144 1297 ἐίκτιμένης
1163 1245 1365 1296 μεδέουσα

433 1302 497 1340 καὶ
520 1299 652 1352 πάσης
672 1298 856 1354 Κύπρου.

232 1361 403 1407 Equidem
432 1361 523 1407 apud
546 1361 778 1407 Aeschylum,
808 1360 1017 1406 praesertim
1046 1372 1257 1406 praegressa
1278 1360 1384 1395 modo
1406 1361 1583 1396 mentione
1607 1361 1707 1396 Sala-

232 1417 345 1457 minis,
369 1428 473 1451 unam
496 1428 535 1450 cx
556 1414 798 1450 adiacentibus
820 1416 933 1461 parvis
956 1415 1078 1450 insulis
1099 1416 1363 1462 intelligendam
1385 1422 1484 1462 puto.

346 1473 436 1508 305.
466 1465 670 1520 ’κύρισσον
697 1482 777 1506 eum
807 1471 975 1506 coronide
997 1471 1205 1506 Brunekius.
1255 1471 1293 1506 V.
1315 1471 1426 1518 praes.
1449 1472 1492 1507 ad
1514 1472 1594 1507 Eur.
1618 1472 1708 1509 Bae-

232 1528 316 1562 ehas
338 1539 372 1573 p.
394 1527 482 1561 xlll.

346 1584 438 1619 306.
468 1574 653 1630 γειτόνων
673 1580 749 1616 Ald.
772 1581 861 1616 Roh.
893 1586 927 1615 et
948 1586 1029 1616 ante
1052 1582 1312 1617 correctionem
1336 1582 1379 1616 M.
1405 1583 1470 1616 Vit.
1524 1578 1705 1630 γείτονες,

233 1637 296 1672 sed
318 1638 496 1684 adscripto
518 1648 578 1686 γρ.
602 1638 669 1681 ῶν,
693 1636 857 1671 Cantahr.
880 1639 911 1672 1.

345 1689 554 1741 w'yvnzt'a7
591 1692 633 1727 ad
669 1692 825 1726 ultimam
861 1692 1012 1727 litteram
1042 1704 1148 1738 supra
1178 1692 1357 1739 adscripto
1389 1704 1455 1737 ov,
1477 1693 1571 1739 Lips.
1595 1693 1704 1728 Mose.

232 1745 450 1796 (Αἰγυπτίων
470 1749 547 1782 Par.
565 1747 604 1781 N.
629 1752 664 1782 et
685 1748 901 1793 adscriptum
924 1748 957 1782 in
979 1748 1055 1782 Par.
1075 1748 1110 1782 B.

345 1805 436 1839 307.
469 1796 615 1851 οἷὸεύης
650 1808 688 1837 ut
723 1803 832 1837 ceteri
854 1803 947 1849 Lips.
979 1803 1041 1837 sed
1070 1814 1175 1849 supra
1198 1803 1368 1848 scriptum
1389 1814 1450 1851 γρ.
1474 1796 1613 1850 ἀδάης.
1655 1803 1704 1838 Eo

230 1859 408 1905 pertinere
438 1859 574 1893 videtur
596 1858 691 1905 quod
712 1858 745 1892 in
769 1858 806 1892 G.
831 1870 936 1904 supra
958 1858 1129 1904 scriptum
1151 1863 1223 1899 cst,
1256 1854 1462 1903 ἐπίθετον,
1494 1869 1705 1904 quamquam

231 1914 287 1949 hie
310 1925 452 1960 quoque
475 1914 586 1948 codex
608 1907 753 1959 α’ὸεύης
772 1913 891 1947 hahet.

341 1962 583 2017 qfepeooez'rtjg
603 1967 767 2003 Cantahr.
791 1970 823 2003 1.
845 1968 1028 2002 Lambeth.
1051 1968 1128 2002 l’ar.
1144 1970 1183 2002 Α.
1202 1968 1239 2002 Β.
1256 1969 1293 2002 C.
1311 1968 1351 2003 N.
1383 1964 1600 2017 φερεσέυης
1615 1968 1707 2003 Can-

231 2023 321 2058 tahr.
342 2025 377 2059 2.
432 2017 649 2072 φερεσεύης
679 2017 698 2058 ὁ
730 2023 815 2057 Ven.
835 2023 871 2056 B.
927 2017 1172 2071 φεσεσσεύης
1193 2023 1231 2057 G.
1288 2017 1541 2071 φαρεσσεύης
1561 2023 1638 2058 Par.
1662 2023 1702 2058 K.
1745 2052 1749 2057 .

231 2074 451 2128 φερεσίβης
470 2078 546 2112 Ald.
600 2073 854 2125 Φερεσσέβης
873 2077 977 2111 Turn.
1033 2071 1229 2125 qpeoeffiyg
1249 2078 1292 2112 M.
1315 2078 1424 2112 Mose.
1482 2071 1706 2126 φρεσσεύης

230 2134 297 2168 Vit.
338 2130 546 2182 ([ρεσίβης,
568 2145 579 2166 ι
601 2133 735 2167 mediae
758 2132 910 2178 syllabae
933 2133 967 2167 in
988 2143 1004 2166 ε
1026 2132 1079 2167 vel
1101 2138 1223 2167 contra
1246 2137 1394 2174 mutato,
1417 2133 1511 2178 Lips.
1547 2144 1608 2182 γρ.
1631 2143 1704 2182 φε-

231 2183 418 2237 ρεσκεύης
439 2199 545 2234 supra
566 2188 782 2233 adscriptum
804 2187 838 2221 in
859 2187 952 2233 Lips.
995 2181 1192 2236 φρεδεύης
1211 2187 1299 2222 Roh.

345 2245 436 2280 308.
468 2239 532 2277 καὶ
552 2243 782 2291 ([παρινοῧχος
798 2242 931 2277 Ven.A.
950 2243 1010 2277 Ox.
1029 2243 1106 2277 Par.
1119 2243 1154 2277 C.
1172 2243 1249 2277 Ald.
1287 2239 1350 2277 καὶ
1369 2242 1598 2290 φανοῦρχος
1614 2242 1701 2277 Rol).

343 2296 382 2333 οἵ
401 2310 439 2334 τε
461 2298 505 2333 Μ.
528 2298 594 2333 Vit.
624 2298 719 2344 Lips.
750 2298 827 2332 Par.
851 2298 887 2332 C.
910 2297 950 2332 N.
983 2298 1110 2344 aliique
1140 2302 1175 2332 et
1196 2298 1284 2333 Roh.
1326 2298 1374 2332 Ex
1394 2297 1471 2332 Par.
1492 2297 1530 2332 B.
1554 2291 1624 2345 οἵγ’
1648 2294 1702 2341 ἐκ,

231 2366 336 2400 supra
371 2354 505 2400 scripto
533 2353 577 2388 ad
607 2354 704 2399 prius
732 2352 942 2388 vocabulum
964 2364 1024 2401 γρ.
1048 2349 1148 2397 οἵτε,
1179 2353 1312 2388 notavit
1333 2353 1525 2387 Bekkerus.
1568 2346 1638 2400 οἵγ’
1662 2349 1704 2387 ἐκ

231 2409 394 2444 Cantahr.
420 2411 452 2444 1.
476 2409 552 2443 Par.
571 2409 612 2443 ll.
662 2405 743 2443 οἵδε
767 2408 805 2443 G.
827 2408 904 2443 Ald.
952 2408 1037 2443 Tum
1061 2403 1155 2450 ναὸς
1183 2405 1226 2443 ἐκ
1250 2409 1347 2455 μιᾶς
1366 2404 1488 2443 πέσον
1508 2407 1602 2448 libri,
1637 2407 1703 2442 nisi

231 2465 322 2509 quod
347 2460 438 2511 νηὸς
457 2464 565 2498 hahet
586 2464 662 2499 Par.
686 2464 727 2498 H.
751 2468 786 2498 et
806 2464 910 2498 Turn.
954 2459 1047 2505 ναὸς
1067 2474 1173 2510 supra
1194 2464 1328 2510 scripto
1349 2475 1372 2510 7]
1394 2463 1460 2497 Vit.
1481 2462 1644 2498 Cantabr.
1668 2464 1700 2498 1.

232 2515 325 2560 νειὸς
344 2519 420 2553 Ald.
444 2519 531 2553 Roh.
573 2515 699 2554 πέσαν
719 2519 757 2553 G.
781 2518 856 2553 Par.
881 2518 917 2553 C.
954 2514 1076 2554 πεσὸν
1096 2524 1176 2554 ante
1199 2530 1291 2554 corr.
1308 2519 1353 2554 M.
1395 2517 1641 2553 Vauvillersius
1659 2517 1702 2552 ad

231 2574 340 2619 Soph.
364 2574 450 2608 Phil.
476 2575 567 2609 374.
598 2574 666 2609 vol.
688 2574 730 2608 Il.
760 2585 795 2620 p.
820 2575 884 2609 47.
915 2573 1142 2608 scribendum
1171 2574 1324 2609 coniecit
1345 2570 1426 2608 οἵδε
1448 2567 1542 2614 ναὸς
1563 2567 1703 2607 ἔπεσον

230 2625 271 2662 ἐκ
290 2629 405 2672 μιᾶς,
428 2628 533 2673 idque
555 2629 714 2664 Porsono
736 2628 884 2674 aliisque
904 2628 1048 2674 placuit.
1092 2628 1161 2663 Sed
1182 2629 1251 2664 hoc
1272 2629 1410 2675 ingrato
1432 2627 1619 2662 verborum
1641 2637 1702 2660 or-

230 2682 309 2716 dine
327 2688 602 2729 corrumpuntur
617 2683 765 2718 numeri.
802 2682 1035 2718 scribendum
1050 2683 1168 2730 putavi
1190 2680 1270 2719 οἵδε
1293 2679 1387 2725 ναὸς
1405 2676 1447 2717 ἓν
1460 2681 1556 2728 μιᾶς
1568 2676 1699 2725 πέσος,
