1878 3115
179 200 261 239 332
752 205 1098 239 ADNOTATIONES

294 311 385 347 733.
418 303 630 345 οἷδιπόδαν
656 309 701 344 Μ.
732 309 800 344 Vit.
832 314 868 345 et
896 310 1015 356 regius
1045 310 1262 356 Spanhemii.
1306 310 1420 354 ¹Idem
1439 311 1657 358 reliquorum

177 365 349 401 librorum
370 365 476 400 lectio
507 366 515 400 i
537 361 727 400 οἶδίποὸα
750 376 858 411 supra
879 365 1098 412 adscriptum
1120 366 1155 400 in
1176 366 1253 400 Par.
1267 365 1307 400 Β.

293 422 385 457 734.
417 370 502 468 ὅςῆ
523 421 634 456 Mose.
658 422 689 456 1.
739 414 784 462 ὃς
803 420 886 455 Ask.
902 422 942 455 A.
1057 416 1114 468 μὴ
1135 415 1236 470 πρὸς
1257 421 1295 456 G.
1319 420 1386 455 Vit.
1408 420 1503 467 Lips.
1524 422 1658 457 Arund.

180 475 345 512 Cantabr.
368 476 450 511 1.2.
474 475 584 511 Mose.
608 478 638 512 1.
653 476 690 511 2.
712 475 790 511 Par.
806 475 950 511 A.B.N.
972 476 1049 511 Ald.
1073 476 1162 511 Rob.
1194 476 1358 522 idemque
1379 476 1415 511 in
1434 476 1592 523 margine
1613 477 1657 512 M.

178 531 358 566 recentior
377 542 502 566 manus
524 531 726 578 adscripsit.
755 525 909 580 μητρὸς
929 532 1035 566 Turn.
1062 526 1218 581 ματρὸς
1238 532 1282 566 M.
1305 532 1434 567 Par.L.
1522 526 1658 581 ἆγναν,

179 587 223 622 ad
243 587 391 622 alteram
410 587 569 622 vocalem
589 599 614 634 η
636 587 881 634 superscripto
903 587 998 633 Lips.
1040 581 1142 635 ἁγνὰ
1161 588 1239 622 Par.
1256 587 1296 622 Ε.

294 643 386 679 735.
417 637 599 691 ἐκτράφη
622 642 787 678 Cantabr.
802 643 838 678 2.
862 648 897 677 et
918 643 1098 689 adscripto
1120 654 1181 691 γρ.
1202 636 1358 691 ἐτράφη
1380 643 1507 678 Par.B.

293 699 386 734 737.
417 692 509 745 ἔτλη
531 698 641 733 Mose.
667 699 698 734 1.
722 697 926 745 Spanhemii
947 698 1078 745 regius,
1103 703 1138 733 et
1159 710 1185 733 a
1205 709 1224 733 a
1245 709 1318 733 sec.
1341 709 1447 733 manu
1469 709 1576 745 supra
1597 697 1662 733 ad-

179 753 313 800 scripto
335 753 381 788 M.
495 749 698 803 παρανοιά
718 754 763 789 M.
787 754 826 789 G.
848 758 1000 800 uterque
1022 765 1041 788 a
1062 765 1116 800 pr.
1139 765 1265 788 manu:
1287 747 1489 802 παράνοια
1509 759 1661 800 uterque

179 821 199 845 a
221 820 294 844 sec.
316 820 434 844 manu.
486 803 689 859 παράνοια
711 805 753 844 δὲ
774 808 864 844 Rob.
914 804 1008 845 ἔτλα
1035 802 1129 857 παρ’
1159 802 1287 844 ἀνοία.
1327 804 1420 856 ἔτλη
1450 804 1493 843 δὲ
1521 802 1663 857 ἀγνοιά

179 865 231 901 sic
253 865 417 900 scholion
437 864 472 899 in
493 865 537 900 M.
644 858 789 913 σύναγε
811 864 855 899 Μ.
878 865 984 899 Turn.
1008 870 1044 899 et
1064 875 1083 899 a
1105 875 1178 899 sec.
1201 875 1306 899 manu
1328 864 1367 899 G.
1407 864 1504 899 Idem
1525 864 1662 899 adscri—

178 926 281 968 ptum
300 920 335 955 in
356 920 435 955 Par.
447 920 485 955 B.
540 920 731 955 Recentior
752 931 876 954 manus
898 920 932 954 in
954 919 998 954 M.
1022 924 1209 954 accentum
1230 920 1364 966 primae
1386 918 1541 966 syllabae
1562 919 1663 954 dele-

180 976 228 1011 vit
248 976 420 1022 alterique
443 970 493 1024 άγ
513 986 620 1021 supra
641 975 842 1021 adscripsit.
880 968 1049 1022 συνάγαι
1071 974 1110 1009 G.
1134 986 1153 1009 a
1174 986 1227 1021 pr.
1247 985 1353 1009 manu
1375 979 1410 1009 et
1431 985 1512 1010 cum
1532 974 1662 1021 glossis

181 1025 340 1076 ἑνιῦσαι,
364 1026 531 1073 συνάξαι
553 1031 664 1065 Mose.
679 1031 714 1066 2.
765 1025 935 1078 σύναγεν
955 1030 1022 1064 vit.
1064 1023 1139 1065 σύν
1157 1041 1198 1078 γε
1220 1030 1297 1065 Ald.
1347 1025 1544 1078 συνάγαγε
1565 1030 1661 1076 Lips.

179 1087 314 1122 Arund.
348 1085 513 1122 Cantabr.
539 1087 571 1121 1.
600 1086 712 1121 Mose.
729 1087 763 1121 1.
785 1085 915 1121 Par.H.
928 1086 970 1121 K.
992 1085 1076 1120 Ask.
1092 1087 1133 1120 A.
1157 1085 1256 1120 Colb.
1272 1086 1307 1121 2.
1330 1085 1419 1120 Rob.
1458 1085 1664 1132 Spanhemii

181 1142 313 1189 regius.
355 1135 578 1190 συνάγαγεν
599 1141 698 1176 Colb.
717 1142 749 1177 l.

296 1198 388 1234 738.
420 1192 640 1247 φρενώλης,
662 1207 770 1244 supra
791 1196 925 1243 scripto
948 1207 967 1231 a
988 1197 1188 1232 recentiore
1210 1207 1316 1231 manu
1337 1207 1403 1240 εις,
1425 1195 1469 1231 M.
1512 1207 1664 1245 φρενα-

181 1251 261 1295 λεΐς
280 1253 376 1300 Lips.
491 1252 580 1287 Male
602 1253 691 1288 haec
715 1252 903 1287 Sclu'itzius
934 1251 977 1287 de
999 1252 1071 1286 Laii
1101 1257 1137 1287 et
1156 1252 1317 1287 locastae
1337 1251 1532 1287 concubitu
1552 1251 1665 1286 inter-

180 1313 364 1356 pretatur:
396 1319 465 1355 qua
485 1308 780 1355 interpretatione
802 1307 985 1355 praeclara
1007 1307 1076 1348 vis,
1108 1319 1197 1354 quae
1217 1308 1251 1342 in
1273 1308 1342 1342 hoc
1364 1307 1444 1342 loco
1467 1312 1540 1348 est,
1564 1307 1663 1342 valde

181 1364 361 1399 minuitur.
392 1357 611 1412 Παράνοια
627 1368 681 1399 est
695 1375 807 1404 error,
831 1374 936 1410 quem
958 1363 1089 1398 chorus
1111 1369 1302 1410 propterea
1322 1363 1468 1398 fortiore
1491 1362 1662 1398 vocabulo

172 1420 361 1461 nominat,
399 1419 493 1466 quod
524 1419 622 1455 caeci
650 1419 685 1454 in
715 1426 795 1454 enm
823 1419 976 1454 satorum
998 1419 1233 1460 necessitate,
1272 1424 1450 1465 tamquam
1470 1417 1662 1460 furibundi,

182 1476 363 1511 irruerunt
384 1475 538 1522 Oedipus
561 1481 596 1510 et
616 1470 768 1510 Iocasta'.

298 1533 389 1567 740.
419 1527 558 1566 πίτνον
578 1530 787 1566 Brunckius.
836 1526 983 1565 πίπτον
1004 1530 1103 1565 Vind.
1117 1531 1153 1566 2.
1168 1532 1204 1566 4.
1254 1530 1414 1566 πιτνίῦν.
1450 1541 1511 1577 γρ.
1533 1529 1672 1565 πιτνοΐ

185 1592 221 1622 et
240 1582 385 1622 πίπτον
406 1597 447 1621 ex
467 1586 545 1621 Par.
563 1586 600 1621 B.
624 1586 794 1621 Faehsius
826 1586 940 1621 affert.
991 1586 1108 1620 Ceteri
1137 1578 1286 1621 πιτνόν.
1402 1585 1540 1620 Omittit
1568 1585 1663 1620 hunc

183 1653 324 1678 versum
345 1642 441 1689 Lips.

300 1699 392 1734 741.
422 1691 637 1746 τροιχαλὸν
664 1697 779 1732 suerat
807 1697 843 1732 in
863 1697 931 1732 Vit.
954 1696 1071 1732 deleto
1110 1695 1182 1731 iota
1211 1689 1409 1745 τροχαλὸν
1443 1695 1574 1730 sactum
1596 1699 1662 1736 est,

185 1753 281 1800 quod
301 1753 435 1789 habent
455 1753 533 1787 Par.
551 1753 590 1787 E.
612 1753 696 1788 Ask.
711 1754 751 1788 A.
774 1752 875 1787 vind.
890 1754 925 1789 4.
947 1763 1009 1801 γρ.
1032 1746 1250 1801 τροχαλόν,
1272 1746 1397 1799 ἤγουν
1417 1745 1565 1799 κυρτόν
1584 1751 1663 1785 Par.

183 1809 222 1844 Β.
244 1809 280 1844 in
302 1820 372 1856 quo
394 1809 460 1843 alia
481 1808 619 1855 glossa,
650 1807 845 1857 τριπλοῦν
863 1803 887 1855 ἢ
911 1801 1060 1856 τραχύ,
1090 1807 1133 1842 ad
1154 1803 1344 1855 τρίχαλον
1363 1807 1537 1853 pertinet,
1569 1805 1665 1852 quod

183 1864 292 1900 habet
312 1865 347 1900 in
368 1869 476 1905 textu,
500 1869 539 1899 ut
560 1864 670 1899 ceteri
692 1863 782 1899 libri.
818 1863 1070 1898 Wakelieldius
1093 1863 1127 1897 in
1149 1862 1240 1897 Silva
1262 1863 1341 1898 crit.
1359 1863 1385 1897 l.
1407 1874 1442 1909 p.
1457 1863 1520 1898 63.
1543 1861 1667 1896 scribit

184 1917 383 1968 τρίχηνον,
406 1931 447 1955 ex
467 1919 633 1966 Hesychii
653 1919 773 1965 glossa
793 1915 991 1967 τρίχηνον,
1013 1912 1268 1967 τρικόρυᾳον.
1304 1920 1347 1952 At
1369 1918 1481 1953 codex
1501 1916 1666 1963 Hesyehii

184 1970 323 2024 τριχὴν
336 1975 456 2010 habet.
486 1975 558 2009 Nec
582 1980 699 2009 tamen
720 1974 965 2009 contenderim
983 1974 1148 2020 Hesychii
1170 1974 1287 2008 locum
1308 1985 1379 2008 non
1400 1974 1469 2008 huc
1487 1977 1664 2019 spectare,

185 2030 291 2065 modo
314 2041 357 2065 ne
378 2030 591 2076 Aeschylum
614 2040 654 2064 ex
675 2029 871 2075 IIesychio,
910 2029 973 2063 sed
995 2029 1209 2074 Ilesychium
1232 2040 1273 2063 ex
1294 2028 1470 2074 Aeschylo
1493 2027 1664 2074 corrigaS.

298 2079 502 2132 Πρύμνιν
522 2078 675 2126 πόλεως
695 2084 791 2125 dicit,
816 2083 911 2130 quod
935 2089 1111 2130 tamquam
1135 2083 1177 2118 de
1199 2084 1275 2118 navi
1295 2083 1465 2129 loquitur.
1506 2084 1566 2118 Ea:
1586 2083 1664 2123 illo,

185 2141 318 2187 inquit,
353 2141 487 2187 Oedipi
506 2142 637 2176 scelere
657 2141 762 2176 aliud
783 2140 853 2176 alii
874 2141 1031 2175 succedit
1052 2140 1207 2179 malam,
1244 2141 1339 2186 quod
1361 2139 1468 2174 etiam
1491 2139 1562 2185 ἱμεὶ
1582 2140 1667 2174 urba·

186 2200 360 2233 minatur.

303 2253 394 2288 743.
420 2252 511 2286 744.
544 2244 671 2285 ἀλκὰν
686 2250 796 2285 Mose.
811 2251 845 2286 2.
864 2250 898 2284 in
916 2249 1011 2296 quod
1033 2249 1238 2284 coniectura
1256 2249 1427 2284 inciderat
1443 2248 1665 2293 Burgessius.

188 2301 291 2342 ἀλκᾶ
312 2307 414 2342 Taur.
455 2300 559 2340 άλκὰ
581 2306 703 2341 ceteri.
802 2300 850 2340 δι’
875 2299 1008 2353 ὀλίγον
1029 2305 1068 2340 G.
1169 2316 1229 2352 γρ.
1251 2300 1406 2353 πύργου
1428 2304 1505 2339 Par.
1517 2304 1554 2338 B.

189 2357 334 2410 ἕιέύρει
356 2363 466 2397 Mosc.
486 2363 517 2398 1.
533 2363 569 2398 2.
619 2362 735 2397 Ceteri
756 2361 835 2396 libri
857 2361 1070 2396 scholiastae
1094 2357 1135 2395 ἐν
1155 2354 1278 2409 εὔρει,
1300 2360 1367 2395 nisi
1389 2360 1485 2407 quod
1506 2352 1605 2394 εὕνει
1628 2370 1669 2394 ex

191 2419 267 2453 Par.
284 2419 323 2453 Ε.
347 2423 528 2453 enotatum
551 2423 618 2452 est.
656 2417 905 2453 Disticultatem
926 2417 1054 2451 horum
1076 2427 1240 2451 versuum
1260 2416 1329 2451 ian}
1350 2420 1540 2451 senserunt
1560 2414 1670 2449 scho-

189 2474 331 2515 liastae,
362 2485 427 2509 nec
450 2473 575 2508 melius
597 2484 654 2508 res
677 2473 786 2508 cessit
806 2471 1064 2507 recentioribus
1087 2472 1230 2507 criticiS.
1290 2472 1327 2506 In
1350 2471 1393 2506 M.
1417 2472 1486 2506 hoc
1507 2469 1669 2505 scholion

191 2534 263 2569 est,
295 2523 446 2574 μεταξὺ
479 2524 521 2563 δὲ
543 2523 659 2576 ἡμῶν
680 2523 728 2563 δι’
753 2522 889 2575 ὀλίγου
911 2523 1018 2562 ἐστὶν
1037 2521 1060 2574 ἦ
1083 2527 1163 2562 τῶν
1182 2523 1384 2573 πολεμίων
1413 2519 1581 2571 δύναμις
1601 2525 1671 2571 τῆς

191 2579 386 2632 ἡμετέρας
414 2580 478 2618 καὶ
509 2579 554 2620 τὸ
577 2578 781 2630 διάστημα
802 2578 822 2619 ὃ
845 2577 994 2631 πύργος
1015 2577 1034 2618 ὃ
1058 2578 1239 2631 ὁίείργων
1267 2578 1384 2618 ἐστίν.
1431 2581 1484 2617 Ad
1504 2578 1545 2616 ἐν
1564 2573 1668 2627 εὔρει

191 2639 409 2685 adscriptum
431 2645 485 2674 est
506 2636 546 2674 ἐν
566 2633 718 2683 πλάτει,
741 2636 781 2674 ἐν
795 2635 1033 2688 μεταιχμίῳ.
1069 2637 1319 2684 Frigidissime,
1342 2638 1448 2674 immo
1467 2635 1668 2682 turpissime

191 2694 349 2729 additum
370 2700 425 2730 est
445 2691 486 2730 ἕν
505 2687 622 2744 εὔρει.
659 2694 805 2742 Scripsi,
827 2699 962 2730 mutata
982 2704 1051 2730 una
1070 2693 1199 2735 littera,
