1878 3115
207 190 288 229 430
771 198 1114 232 ADNOTATioNEs

204 307 337 349 potest,
361 302 500 349 dicique
521 303 589 337 hoc
613 313 720 337 sensu
742 302 863 337 debuit
884 297 1028 339 πάντα.
1075 304 1193 339 Altera
1215 314 1286 339 non
1309 305 1472 351 congruit
1493 316 1572 340 eum
1600 316 1677 339 ver—

204 358 269 399 bis,
294 358 359 392 nisi
381 359 489 393 voluit
510 370 647 394 omnem
667 358 797 393 exitum
818 359 977 406 intelligi.
1026 359 1097 395 Nec
1120 360 1238 406 placet
1258 360 1394 395 tmesis.
1448 362 1578 407 Aperte
1600 361 1681 395 πᾶν

203 410 331 462 τέρμα
347 414 644 460 coniungendam,
663 409 723 449 ἔπι
741 419 870 456 autem,
895 416 990 461 quod
1007 416 1081 451 sine
1098 416 1239 451 nomine
1256 416 1411 462 positum
1428 417 1679 451 retractionem

204 475 374 504 accentus
395 470 559 515 requirit,
593 470 725 505 dictum
748 475 803 506 est
823 471 871 506 ita
893 476 931 506 ut
951 471 1128 506 referatur
1147 472 1191 507 ad
1211 477 1384 518 utrosque
1416 471 1474 518 qui
1495 477 1575 507 ante
1597 476 1680 506 sunt

204 525 484 560 commemorati.
512 525 598 560 Nam
621 538 727 572 quum
750 526 892 568 chorus,
917 539 935 562 a
951 528 1128 562 communi
1151 527 1316 574 opinione
1334 527 1558 568 dissentiens,
1581 532 1679 562 recte

203 581 305 616 sactis
326 592 513 627 prospera,
537 582 626 617 male
649 582 749 617 sactis
771 582 910 617 funesta
932 583 1027 629 gigni
1045 583 1220 624 ostendat,
1243 583 1427 623 Iustitiam,
1451 594 1541 629 qnae
1563 582 1680 617 humi—

203 637 244 671 lis
263 648 366 671 casae
386 637 555 682 probitati
576 637 699 679 faveat,
724 638 912 684 opulentae
935 645 1052 674 autem
1074 639 1199 674 domus
1220 639 1375 685 impuras
1398 650 1521 673 manus
1537 649 1680 673 averse—

204 698 281 733 tur,
316 703 456 727 omnem
488 693 682 728 attribuere
712 694 759 729 ait
789 694 938 735 exitum,
969 695 992 729 i.
1016 706 1046 729 e.
1069 694 1202 729 bonum
1224 699 1259 729 et
1279 694 1428 734 malum,
1458 699 1497 728 ut
1528 693 1677 739 quisque

204 749 249 782 sit
268 749 427 783 meritus.
470 749 564 784 Haec
587 750 703 784 omnia
724 749 791 784 etsi
812 750 943 784 chorus
974 750 1188 797 cogitatione
1218 750 1408 790 malorum,
1442 748 1568 795 quibus
1589 749 1679 783 Tro-

204 804 272 838 iani
293 809 431 850 raptum
454 804 608 839 Helenae
630 805 783 845 luerunt,
807 811 1006 840 commotus
1030 806 1125 846 dicit,
1149 810 1266 840 tamen
1288 805 1390 839 simul
1412 804 1614 839 reseruntur
1634 804 1677 839 ad

203 865 355 901 metum,
387 871 457 906 quo
487 860 529 894 ab
558 861 691 906 ipsein
714 861 935 895 orchestram
964 872 1112 895 accessu
1140 861 1284 906 plenum
1306 871 1343 895 se
1366 871 1444 895 esse
1466 859 1602 906 prodit,
1632 870 1676 894 ne

202 916 405 962 Iphigeniae
427 916 618 950 immolatio
641 916 787 950 alieuius
810 916 919 949 tristis
942 921 1088 950 eventus
1110 926 1234 950 caussa
1257 915 1412 950 exsistat.
1443 915 1530 950 Hinc
1547 915 1679 949 intelli-

203 971 297 1017 gitur
318 982 381 1005 cur
402 971 463 1011 sic,
488 976 525 1005 ut
546 982 625 1005 mox
649 971 740 1011 facit,
764 972 1063 1017 Agamemnonem
1085 971 1297 1017 alloquatur.

317 1028 407 1061 749.
439 1026 533 1060 Libri
561 1021 793 1075 nolli-[093³.
853 1027 960 1061 Recte
991 1026 1230 1061 Blomfieldius
1261 1026 1409 1061 sormam
1439 1026 1581 1061 Homeri
1610 1037 1677 1060 usu

203 1081 391 1116 stabilitam
413 1082 544 1128 posuit.
1273 1112 1282 1115 s

316 1139 407 1172 751.
440 1133 582 1183 σεβίζω
612 1137 714 1171 Farn.
745 1137 834 1172 Vict.
889 1136 1050 1172 Doricam
1080 1137 1229 1172 formam
1258 1132 1403 1183 σεβίξτι)
1432 1137 1525 1172 Flor.
1554 1136 1674 1177 habet,

200 1193 322 1228 nescio
345 1204 387 1227 an
404 1198 514 1227 recte.
546 1193 713 1227 Vsitatior
734 1197 830 1227 certe
852 1198 907 1227 est
927 1193 961 1227 in
984 1192 1236 1228 deliberatione
1259 1193 1301 1227 de
1324 1204 1365 1227 eo
1384 1193 1479 1239 quod
1500 1192 1674 1239 agendum

202 1249 246 1283 sit
268 1249 389 1283 aoiisti
410 1249 666 1283 coniunctivus.
710 1248 928 1295 Quamquam
957 1248 1144 1295 aliquando
1174 1249 1278 1284 etiam
1308 1249 1485 1295 praesenti
1516 1253 1674 1289 utuntur,

202 1302 242 1340 τί
261 1302 368 1353 ὁο(ῦ;
389 1301 430 1340 Tt'
448 1301 629 1353 ὸο(ῦιιει;
650 1317 685 1339 Ti
709 1300 830 1352 ὶέμιη
852 1309 887 1339 et
908 1304 1031 1339 similia
1055 1305 1227 1340 dicentes.

315 1361 406 1396 753.
438 1355 482 1395 τὸ
515 1356 647 1395 ὁοκεῖι
675 1371 771 1394 ειιαι
807 1360 1004 1406 significaie
1041 1373 1112 1396 esse
1142 1362 1263 1396 ‘videti
1293 1359 1412 1395 monui
1441 1359 1484 1395 ad
1510 1359 1674 1405 Vigerum

201 1416 280 1451 adn.
301 1417 364 1452 20.
406 1416 562 1477 Philemo
585 1416 678 1462 apud
701 1415 892 1451 Stobaeum
915 1416 970 1450 ΙΧ.
996 1417 1058 1452 22.

402 1465 487 1505 (ΞΜ
511 1464 614 1513 ὅςῑις
635 1464 733 1505 &²007
739 1483 812 1505 ον
803 1483 967 1519 fmjmav
988 1484 1009 1507 T
1042 1467 1141 1518 ἔχων
1162 1482 1295 1520 φυσιν,

402 1520 499 1561 εἶναι
523 1523 676 1568 &mame
696 1521 766 1561 κού
789 1524 919 1561 δοκεῖν
939 1526 994 1561 εἰν
997 1539 1034 1561 αι
1056 1523 1131 1561 θέ)
1135 1539 1177 1561 ει.

316 1584 407 1618 754.
438 1576 696 1631 παοαβάντες
727 1582 819 1617 Flor.
849 1582 938 1617 Vict.
986 1578 1305 1631 παραβαιίοντες
1333 1581 1435 1616 Farn.
1489 1581 1672 1616 Triclinius

203 1638 294 1672 enim
315 1638 405 1672 male
428 1638 549 1672 saeviit
570 1638 604 1672 in
624 1638 729 1672 huius
752 1638 915 1672 carminis
936 1638 1193 1684 paroemiacos.

316 1695 406 1729 755.
439 1694 538 1728 Hunc
562 1699 596 1728 et
618 1699 786 1739 quattuor
807 1698 997 1739 sequentes
1019 1704 1141 1727 versus
1163 1692 1264 1727 affert
1285 1691 1461 1727 Stobaeus
1484 1691 1582 1726 CXII.
1611 1693 1671 1727 12.

201 1749 291 1795 apud
315 1760 431 1795 quem,
455 1754 493 1784 ut
514 1749 547 1783 in
569 1749 732 1795 Aeschyli
753 1749 862 1790 libris,
885 1749 941 1800 τῷ
963 1745 1252 1797 ὄυςπραγοῧντι
1275 1742 1316 1782 δ’
1341 1752 1395 1782 est
1416 1748 1599 1793 scriptum.
1628 1749 1673 1782 At

200 1805 253 1845 id,
285 1805 448 1850 quoniam
479 1816 568 1851 (piae
598 1810 796 1851 sequuntur
823 1804 1037 1851 explicandis
1066 1815 1130 1850 per
1159 1804 1228 1838 (luo
1258 1803 1422 1849 opposita
1450 1803 1672 1850 praegressis

201 1861 403 1901 inserviunt,
428 1861 484 1910 τῷ
506 1856 802 1908 δι’ςπραγοῦντί
820 1854 850 1895 T'
873 1865 948 1895 erat
969 1859 1207 1894 scribendum.
1257 1858 1314 1893 Sic
1335 1858 1423 1893 infra
1444 1871 1475 1894 v,
1495 1860 1586 1895 803.

314 1917 405 1951 756.
438 1914 580 1963 δεῖγμα
601 1916 694 1950 Flor.
718 1916 805 1950 Vict.
848 1913 981 1963 δῆγμα
1002 1916 1102 1950 Farn.
1134 1920 1173 1949 ut
1193 1915 1286 1961 apud
1308 1914 1499 1949 Stobaeum
1530 1915 1670 1961 legitur,

202 1971 296 2016 quod
319 1971 499 2017 Stephano
522 1970 709 2016 probatum
731 1971 864 2016 primns
887 1971 1023 2016 recepit
1045 1971 1229 2005 Canterus.
1264 1971 1301 2004 In
1323 1970 1505 2005 codicibus
1528 1969 1672 2005 Stobaei

202 2029 239 2060 Α.
258 2026 295 2060 Β.
318 2027 401 2060 nihil
424 2026 572 2072 amplius
594 2026 764 2071 scriptum
786 2026 915 2071 legitur
936 2037 1039 2071 quain
1061 2026 1117 2076 τῷ
1139 2022 1434 2074 δυσπραγῡῦντι
1457 2019 1498 2060 δ’
1516 2022 1672 2060 ἐπιστε-

201 2083 332 2128 ναχεΐν
351 2082 429 2123 πᾶς
449 2092 507 2123 τις
528 2076 695 2126 ἕτοιμος,
718 2081 856 2115 omissis
878 2080 1034 2126 reliquis.

314 2139 405 2173 757.
438 2137 539 2171 Farn.
563 2147 604 2170 ex
624 2136 777 2171 Triclinii
798 2136 926 2171 indicio
948 2136 1283 2184 προσεφικνεῖται.

314 2194 404 2229 758.
436 2188 500 2226 καὶ
530 2188 812 2239 ξυγχαίρουσιν
845 2191 939 2226 Flor.
969 2191 1072 2226 Farn.
1103 2191 1190 2225 Vict.
1250 2189 1352 2236 Apud
1382 2188 1574 2223 Stohaeum
1604 2185 1669 2223 καὶ

201 2244 309 2283 νυκτὶ
333 2243 375 2283 δὲ
389 2244 615 2296 χαίρουσιν.
664 2247 702 2281 ld
723 2258 789 2293 ego
813 2258 919 2293 quum
942 2246 1058 2281 deleto
1081 2242 1145 2280 καὶ
1167 2244 1395 2292 probassem,
1432 2244 1669 2279 Blomfieldius

200 2314 239 2338 ea
262 2304 485 2338 correctione
506 2303 624 2338 locum
645 2303 786 2348 penitus
809 2302 966 2337 enervari
988 2301 1242 2348 pronuntiavit:
1272 2311 1351 2335 nam
1373 2299 1559 2334 manifesto
1582 2310 1668 2334 con-

199 2359 294 2405 iungi
315 2359 477 2394 homines
501 2359 559 2405 qui
579 2358 775 2392 ridentibus
805 2358 987 2392 adrideant
1009 2362 1044 2392 et
1065 2357 1229 2392 flentibus
1262 2356 1432 2396 adfleant,
1471 2355 1530 2401 qni
1556 2355 1669 2401 parati

199 2414 269 2449 sint
296 2416 353 2465 τῷ
375 2411 665 2463 δυςπραγοῧντι
693 2407 957 2460 ἐπιστενάχειν
977 2409 1041 2447 καὶ
1062 2413 1119 2462 τῷ
1135 2408 1316 2460 χαίροντι
1339 2407 1572 2459 ξυγχαίρειν.
1621 2410 1669 2445 De

200 2471 373 2505 sententia
389 2470 459 2505 loci
476 2474 574 2504 recte
590 2469 770 2503 iudicavit:
788 2480 907 2503 verum
925 2479 995 2503 non
1012 2467 1164 2503 debebat
1181 2478 1257 2501 eam
1274 2465 1431 2501 enervari
1444 2466 1501 2500 illa
1517 2466 1671 2501 lectione

200 2524 336 2567 (licere,
370 2531 475 2571 auget
497 2525 587 2559 enim
608 2525 763 2570 priorem
785 2529 922 2570 partem
944 2524 1159 2563 sententiae,
1194 2522 1256 2557 sed
1276 2522 1403 2568 privari
1425 2521 1533 2556 altera
1554 2525 1666 2567 parte,

199 2579 264 2613 nisi
287 2582 363 2626 quis
386 2592 462 2615 eam
484 2580 654 2615 excidisse
677 2584 861 2615 statueret.
892 2579 931 2614 Id
951 2590 1033 2614 vero
1056 2579 1172 2613 facere
1190 2577 1374 2612 debebam.
1404 2576 1559 2611 Moverat
1575 2576 1667 2610 enim

198 2645 253 2668 me
291 2641 325 2670 et
359 2637 533 2681 scriptura
571 2635 734 2675 Stobaei,
778 2640 812 2670 et
855 2635 949 2680 quod
993 2628 1193 2682 ἀγέλαστα
1226 2626 1419 2681 πρόςωπα
1450 2626 1667 2676 βιάζεσθαι

198 2690 316 2734 potius
336 2692 472 2738 finqei'e
491 2693 628 2728 vultum
649 2692 699 2727 ad
719 2692 978 2727 ostendendam
998 2696 1159 2726 coactam
1179 2689 1384 2729 tristitiam,
1408 2697 1512 2733 quam
1532 2687 1669 2722 tristem
