1878 3115
755 189 812 222 Αι)
838 189 1015 223 pensas,
1548 179 1625 219 173

145 305 234 335 inas,
258 293 321 329 sed
341 293 472 340 primas
495 293 581 328 duas
604 293 754 340 syllabas
777 293 1038 329 contrahendas
1060 303 1139 327 esse
1159 292 1306 339 putavit.
1411 286 1562 327 λείπων
1582 292 1625 326 M.

95 352 97 354 '
146 349 313 384 Cantahr.
341 351 373 385 1.
399 350 433 385 2.
456 349 534 384 Ald.
558 349 647 384 Rob.
687 345 847 395 βλέπων
866 349 933 383 Vit.
956 349 1019 383 sed
1041 348 1205 394 antiquae
1228 353 1309 382 sunt
1331 353 1465 382 tantuin
1487 348 1625 382 litterae

145 403 199 450 λε,
223 410 364 440 ceterae
387 416 405 439 a
427 405 627 439 recentiore
648 416 753 439 manu
776 405 942 450 scriptae.

261 461 324 497 83.
358 456 515 509 ᾳόινιόυ
538 460 581 494 M.
606 461 644 494 G.
667 460 733 494 Vit.
759 460 854 505 Lips.
878 459 963 494 Ven.
988 459 1025 493 B.
1049 459 1176 505 aliique
1200 464 1234 494 et
1255 458 1333 494 Ald.
1355 458 1444 493 Rob.
1486 454 1627 508 φονίου

145 515 252 550 Turn.
369 512 497 564 δέρμα
518 515 562 549 Μ.
585 515 680 561 Lips.
703 515 830 560 aliique
852 514 1024 549 nonnulli.

261 571 324 607 84.
356 565 609 611 πολυναύτας
629 570 695 604 Vit.
720 569 883 604 Cantahr.
908 570 943 605 2.

260 627 324 662 85.
356 620 495 673 σῦριόν
514 620 556 659 θ’
580 625 624 659 Μ.
648 625 703 660 ed.
727 625 816 660 vict.
867 619 1034 672 ἇσύριόν
1054 618 1096 657 θ’
1120 623 1187 658 vit.
1210 623 1305 670 Lips.
1327 623 1414 658 Ven.
1437 626 1477 658 Α.
1501 624 1628 670 aliique

148 687 183 716 et
202 681 280 716 Ald.
323 675 515 728 ἇσσύριόν
535 674 575 714 θ’
601 680 639 714 G.
662 680 748 715 Ven.
771 680 809 714 B.
833 679 960 726 aliique
982 684 1018 714 et
1039 678 1126 713 Rob.
1149 679 1255 713 Turn.

258 736 374 770 Alludi
396 735 438 770 ad
461 735 644 770 oraculum
667 736 709 770 de
730 746 847 782 pugna
868 735 1058 769 Salaminia
1079 733 1355 769 Atheniensibus
1379 734 1509 774 datum,
1535 735 1629 780 quod

148 796 203 827 est
231 791 324 838 apud
354 791 572 826 Herodotum
594 791 665 825 Vll.
695 793 783 827 140.
814 791 849 825 in
882 801 952 837 quo
983 795 1059 825 erat
1080 785 1315 839 Στριιῃένὲς
1343 782 1455 836 ἅρμα
1477 785 1633 824 διώκων

146 847 308 882 viderunt
339 852 374 881 et
395 846 633 881 Blomfieldius
664 852 699 882 et
721 846 934 882 Suevernius
956 846 990 880 in
1012 846 1096 880 diss.
1119 845 1274 880 Berolini
1295 856 1326 879 a.
1354 846 1471 881 1824.
1495 846 1564 880 hoe
1587 846 1633 880 ti-

147 903 221 938 tulo
244 902 357 943 edita,
385 903 500 938 Ueber
529 904 648 949 einiye
668 903 885 939 historischen
904 904 981 938 und
996 902 1194 949 politische
1216 901 1485 947 anspielunyen
1505 902 1547 936 in
1568 903 1634 936 cler

148 960 248 994 alten
269 959 468 1005 trayoedie,
490 968 525 1003 p.
549 959 586 993 4.

263 1014 326 1049 86.
359 1008 633 1062 δουρικλύτοις
652 1012 696 1046 Μ.
714 1012 803 1047 Rob.
821 1012 927 1047 Turn.
969 1008 1246 1061 ὁόυρικλυτοῖς
1266 1011 1304 1046 G.
1327 1011 1405 1046 Ald.
1448 1007 1634 1060 ὁορικλτ-

148 1070 232 1111 τοῖς
252 1069 346 1115 Lips.
390 1063 650 1115 δορυκλύτοις
669 1068 736 1102 vit.

263 1125 327 1161 87.
358 1119 599 1170 τοξόὸαμνιν
621 1123 686 1158 Vit.
803 1116 880 1172 ὄρη
911 1122 955 1157 Μ.
987 1122 1021 1157 in
1051 1133 1121 1169 quo
1151 1134 1172 1155 ν
1200 1133 1306 1168 supra
1335 1133 1474 1157 versum
1504 1121 1546 1156 ab
1569 1122 1635 1157 alia

150 1191 255 1215 manu
277 1179 445 1220 additum,
469 1179 546 1214 Par.
571 1179 608 1214 C.
632 1178 720 1214 Rob.
763 1172 875 1227 ἄρην.
908 1189 968 1227 γρ.
991 1172 1082 1226 ἄρῃ.
1114 1178 1266 1219 κοινῶς.
1288 1177 1365 1212 Par.
1389 1177 1427 1212 B.
1470 1171 1573 1226 ἄρην
1594 1177 1633 1212 G.

151 1236 217 1270 vit.
242 1235 336 1281 Lips.
358 1234 435 1270 Ald.
458 1234 564 1269 Turn.

266 1291 329 1326 88.
360 1284 552 1331 ὑποστάς.
590 1301 650 1338 γρ.
673 1284 837 1331 ἐπιστὰς
860 1282 981 1336 ἤγουν
1003 1284 1252 1330 ε’ναντιαθεῖς
1271 1281 1548 1334 μαχεσάμενος
1570 1287 1634 1330 (sic

153 1346 245 1393 apud
268 1346 470 1391 Faehsium)
495 1339 684 1386 ἀντιστάς
705 1345 782 1379 Par.
805 1344 842 1379 B.
892 1344 1026 1378 Sensus
1057 1348 1111 1378 est
1142 1356 1241 1379 nemo
1265 1346 1355 1379 adeo
1374 1346 1552 1389 probatus
1576 1350 1635 1383 est,

151 1409 202 1443 ut,
224 1402 257 1436 se·
273 1402 312 1436 ‘id
334 1402 373 1436 in
396 1413 432 1437 se
454 1402 623 1447 recipiat,
640 1412 775 1446 mayna
792 1401 1027 1435 multitudine
1042 1400 1206 1434 virorum
1222 1406 1258 1434 ut
1273 1400 1402 1434 valido
1418 1401 1637 1434 munimento

153 1469 277 1494 arcere
292 1458 410 1504 possit
432 1459 602 1492 int-[ctum
626 1458 738 1492 maris
758 1457 913 1501 fluctum.
966 1455 1144 1489 Audacter
1174 1455 1281 1500 κῦμα
1310 1449 1526 1501 θαλάσσης
1555 1454 1638 1489 dicit

154 1514 275 1559 copias
297 1512 449 1553 navales,
474 1523 561 1558 quas
585 1511 709 1547 Graeci
731 1511 887 1557 quamvis
909 1522 1037 1557 niagno
1059 1510 1214 1545 virorum
1236 1521 1384 1544 numero
1407 1521 1478 1544 non
1499 1510 1639 1556 possint

154 1568 196 1603 ah
219 1579 256 1603 se
276 1568 492 1615 propellere.

267 1635 331 1671 89.
362 1634 448 1669 Post
470 1633 616 1683 φωτῶν
636 1633 703 1668 vit.
734 1633 830 1668 addit
852 1628 1010 1675 τάξεσιν
1030 1627 1119 1667 οὐδ’
1145 1626 1225 1681 ἄρα
1248 1627 1315 1680 ε’ρη
1338 1626 1457 1678 ἴσχει,
1488 1643 1639 1678 qnornni

156 1702 195 1725 ea
227 1701 317 1736 quae
346 1695 428 1736 post
458 1685 615 1731 τάξεσιν
641 1689 826 1735 leguntur,
860 1694 1035 1734 expuncta
1057 1694 1150 1722 sunt.
1193 1688 1292 1723 Colb.
1323 1690 1353 1723 l.
1377 1687 1472 1721 addit
1494 1683 1641 1731 τάξεσι,

157 1741 248 1780 οὐδ’
273 1739 355 1793 ἄρα.
376 1740 491 1793 ἕρκεα
513 1739 622 1790 ἴσχει.
674 1744 770 1787 Quae
808 1755 849 1779 ex
876 1744 1062 1778 notissimo
1085 1743 1229 1778 Homeri
1256 1754 1360 1777 versu
1390 1749 1529 1788 sumpta
1562 1754 1641 1777 esse

155 1801 239 1836 vidit
248 1797 510 1836 Vauvillersiiis.
552 1799 683 1833 Eadem
700 1810 781 1834 vero
799 1799 917 1839 verba,
937 1800 986 1834 sie
1003 1799 1135 1845 scripta
1153 1794 1310 1841 τάξεσιν
1326 1793 1406 1832 οὔτ’
1429 1792 1509 1846 ἄρα
1527 1793 1642 1846 ἓ-’ρκεα

158 1851 268 1902 ἴσχει,
290 1861 329 1890 ut
351 1855 513 1890 scholion
535 1854 713 1901 adscripta
735 1860 817 1889 sunt
837 1855 871 1888 in
893 1854 937 1888 M.

271 1922 336 1958 90.
369 1918 524 1969 ἐχυροῖς
544 1921 588 1955 Μ.
621 1921 659 1955 G.
691 1921 819 1966 aliique
852 1926 887 1955 et
917 1919 1005 1955 Rob.
1062 1916 1260 1969 ἐχυροῖσιν
1280 1919 1366 1954 Yon.
1390 1919 1427 1954 B.
1483 1914 1645 1967 ὀχυροῖς

159 1978 226 2012 Vit.
249 1978 344 2023 Lips.
368 1977 453 2011 Ven.
472 1978 511 2011 A.
531 1976 658 2022 aliique
676 1982 710 2010 et
725 1976 802 2010 Ald.
821 1975 926 2010 Turn.
997 1970 1169 2024 ξ’ρκοισιν
1184 1975 1268 2009 Ven.
1287 1975 1325 2009 B.
1394 1970 1532 2022 fi'pyeig
1547 1975 1642 2021 Lips.

274 2034 338 2069 93.
371 2027 467 2073 λαός
488 2032 531 2066 Μ.
556 2032 595 2066 G.
618 2032 685 2066 Vit.
708 2031 803 2077 Lips.
827 2032 954 2077 aliique
978 2036 1011 2065 et
1034 2031 1111 2065 Ald.
1154 2026 1252 2072 λεώς
1272 2030 1361 2065 Rob.
1385 2030 1491 2064 Turn.

273 2090 337 2124 94.
371 2083 599 2134 δολόμητῃν
619 2082 659 2121 δ’
685 2082 843 2134 ἀπάτην
864 2087 903 2122 G.
927 2092 961 2121 et
984 2082 1142 2133 ἀπάτην
1163 2087 1267 2121 etiam
1289 2086 1356 2120 Vit.
1395 2079 1566 2129 ἅπάταν,
1588 2086 1645 2120 ul—

162 2144 245 2178 timo
269 2156 294 2178 α
315 2143 559 2189 superscripto
581 2155 618 2189 η,
641 2143 735 2189 Lips.

276 2201 340 2235 95.
372 2194 524 2245 θνητὸς
544 2198 611 2232 Vit.
652 2193 817 2242 θνατὸς,
841 2198 1084 2244 superscripto
1106 2209 1144 2244 η,
1166 2197 1260 2243 Lips.

276 2256 340 2290 96.
365 2255 429 2290 97.
461 2249 699 2300 πηδήματος
719 2253 797 2287 libri
819 2264 955 2287 omnes,
991 2253 1089 2292 Tum,
1109 2257 1191 2298 post
1206 2252 1275 2286 hoe
1289 2251 1405 2297 ipsum
1422 2251 1643 2291 vocabulum,

163 2304 344 2351 εὖπετέος
364 2309 406 2343 Μ.
427 2309 465 2343 G.
484 2309 551 2342 vit.
574 2309 701 2353 aliique
723 2313 758 2342 et
773 2308 849 2343 Ald.
867 2308 955 2343 Rob.
974 2308 1079 2342 Turn.
1121 2302 1310 2348 εὖπατέος
1325 2307 1419 2353 Lips.
1457 2301 1648 2348 εὐπετέως

164 2365 275 2399 Mosc.
299 2364 375 2398 Par.
398 2364 436 2398 L.
488 2359 675 2404 εὖπετοῦς
694 2363 887 2397 Porsonus.
936 2364 974 2397 In
995 2363 1062 2397 Vit.
1085 2367 1168 2408 post
1196 2363 1287 2397 lianc
1310 2373 1431 2396 vocem
1454 2356 1646 2405 εὗπετέος,

166 2431 234 2467 qua
263 2420 297 2454 in
328 2430 370 2454 eo
400 2418 488 2453 libro
511 2429 634 2452 versus
656 2418 793 2459 finitur,
827 2430 845 2453 a
868 2429 940 2453 see.
965 2429 1069 2453 manu
1091 2417 1246 2452 additum
1269 2422 1323 2451 est
1346 2411 1462 2463 ἄτης,
1493 2428 1646 2463 superne

779 2467 799 2481 7!

167 2508 309 2555 quidem
340 2508 409 2542 hoc
438 2506 544 2541 modo
573 2484 755 2541 εὖπετέος
774 2485 884 2551 αἴης,
907 2507 969 2541 sed
990 2506 1111 2541 initiali
1133 2506 1242 2541 ductu
1265 2517 1289 2539 α
1310 2505 1448 2539 litterae
1469 2516 1584 2551 usque
1606 2505 1649 2540 ad

166 2574 418 2611 praegressum
441 2558 461 2597 ε’
478 2561 737 2602 descendente,
768 2567 805 2597 ut
828 2572 898 2597 non
918 2562 1077 2597 videatur
1099 2560 1328 2596 dubitandum
1352 2571 1430 2595 esse
1453 2561 1555 2607 quin,
1590 2562 1649 2608 qui

169 2619 357 2665 adscripsit
379 2612 495 2665 ἄτης,
524 2617 560 2651 id
579 2617 744 2664 Aeschyli
764 2617 909 2653 verbum
932 2629 1010 2653 esse
1031 2618 1224 2664 putaverit,
1255 2616 1464 2663 praesertim
1487 2627 1594 2662 quum
1616 2618 1650 2652 in

169 2686 272 2710 versu
303 2674 360 2721 qui
389 2674 477 2709 infra
499 2673 592 2708 hunc
616 2673 768 2719 scriptus
792 2679 845 2709 est
868 2673 978 2708 simile
1003 2673 1085 2720 quid
1108 2673 1237 2708 sactum
1261 2672 1303 2706 sit
1325 2672 1359 2706 in
1380 2671 1552 2708 vocabulo
1576 2667 1651 2721 ἆρ-
