1878 3115
209 235 233 274 8
769 240 860 274 ΑΒΝ
863 240 1111 274 OTATIONES

201 341 275 397 χίᾳ
295 345 493 391 adscripsit.
543 344 697 391 Vbique,
720 344 851 391 inquit,
874 344 964 380 Iovis
985 344 1147 379 voluntas
1169 343 1274 379 etiam
1294 343 1329 379 in
1350 343 1506 380 tenebris
1527 349 1673 392 atraque

207 406 305 437 sorte
326 400 609 436 conflictantibus
629 400 737 435 lucet.

322 457 386 492 82.
427 450 606 504 ἀσφαλὲς
626 455 670 489 M.
694 454 733 489 G.
755 453 795 488 E.
817 453 855 488 P.
878 453 966 489 Rob.
1008 448 1205 503 ἀσφαλῶς
1224 454 1331 489 Turn.

321 512 385 547 85.
426 506 618 545 κατειδεΐν
637 509 682 544 M.
706 509 745 545 G.
767 509 860 544 unde
882 505 990 545 κάτει
1013 506 1095 544 δεῖν
1114 509 1191 544 Ald.
1233 505 1408 545 κατιδεῖν
1426 508 1516 544 Rob.
1538 508 1644 544 Turn.

320 566 383 602 86.
427 560 470 600 δὲ
490 559 646 599 ἀπιδών
664 564 709 599 Μ.
732 565 771 600 G.
793 564 834 600 E.
856 563 944 600 Rob.
987 560 1031 600 δὲ
1051 560 1199 608 ἐπιδών
1218 565 1256 600 Ρ.
1296 564 1486 600 Emendavi
1505 564 1541 599 in
1562 564 1672 599 Elem.

208 621 321 656 doctr.
343 625 446 655 metr.
467 631 504 666 p.
529 621 620 656 236.

320 676 424 712 88-
432 676 496 711 92.
527 675 621 710 Libri
635 670 732 721 βίαν
752 668 791 708 δ’
816 668 934 709 οὔτιν’
959 670 1145 719 ἐξοπλίζει
1166 669 1242 709 τάν
1261 667 1426 709 ἂποινον
1446 669 1674 721 δαιμονίων.

204 723 351 778 ἥμενον
371 723 453 765 ἄνω
475 730 539 773 (ita
560 730 664 765 etiam
685 729 746 775 Μ.)
768 725 958 793 φρόνημά
977 740 1062 771 πως
1083 724 1290 779 (φρόνημα
1304 730 1389 771 πῶς
1403 729 1491 764 Rob.
1522 740 1675 778 φρονη-

204 781 379 832 μάτοως,
402 785 465 820 sed
485 796 530 820 το
552 785 587 820 in
607 797 636 819 π
656 790 791 820 mutato
815 785 871 830 G)
903 779 1080 820 αὐτόθεν
1108 781 1316 833 ἐξέπραξεν
1348 780 1476 831 ἔμπας
1496 777 1677 834 ἑδράνων

206 835 266 890 ἐφ’
292 836 343 888 ἇς
345 841 433 875 νῶν.
472 842 625 875 Auratus
647 834 768 885 ου’τις,
791 840 898 875 credo
919 845 959 874 ut
980 836 1167 884 ἐξοπλίζει
1190 840 1405 886 significaret
1427 841 1540 876 armis
1561 840 1674 880 exuit,

207 895 307 930 cuius
329 895 593 941 significationis
616 896 812 942 exemplum
829 907 870 930 ex
884 895 1043 941 Appiano
1065 867 1240 930 affertur.0
1263 895 1312 930 Ea
1332 895 1389 930 hic
1411 905 1453 929 eo
1474 895 1589 930 minus
1611 894 1675 930 ad-

205 951 297 985 mitti
316 955 456 996 potest,
487 950 582 996 qlod
610 951 679 985 hoc
708 950 853 985 verbum
881 961 911 984 v.
937 951 1029 985 655.
1054 951 1145 986 672.
1167 950 1297 986 usitata
1319 950 1475 985 armandi
1497 950 1676 996 significa—

206 1005 301 1040 tione
324 1005 455 1040 (lictum
478 1011 544 1040 est.
587 1005 769 1041 Sententia
788 1005 880 1040 bona
902 1005 1126 1040 Wellauerus
1148 1006 1351 1040 coniecerat
1369 1001 1466 1051 βίαν
1487 977 1548 1039 (50³
1553 999 1672 1040 οἴτιν’

206 1056 406 1104 ἐξοπλίζει.
446 1061 527 1095 πᾶν
547 1054 697 1096 ἄπονον
717 1057 853 1107 δἰαιμο
843 1060 946 1104 νἰων,
969 1060 1064 1106 quod
1085 1061 1221 1107 recepit
1242 1060 1379 1095 Paleius
1401 1060 1448 1094 ita
1469 1065 1509 1095 ut
1530 1054 1675 1106 δαιμό-

204 1126 288 1150 νιον
317 1114 501 1150 scriberet.
550 1118 594 1151 At
622 1116 657 1151 id
676 1116 871 1162 Aeschylus
895 1115 1037 1151 dixisset
1056 1112 1153 1161 βίαν
1172 1110 1290 1151 οὔτιν’
1314 1110 1543 1161 ἐξοπλίζων,
1574 1115 1676 1150 addi-

205 1170 386 1216 dissetque
417 1166 463 1206 δέ
480 1171 523 1205 ad
543 1171 634 1205 πᾶν.
682 1171 900 1206 Sententiam
928 1171 1151 1217 perspexisse
1180 1171 1318 1206 videtur
1345 1172 1518 1206 Auratus:
1552 1181 1675 1206 verum

205 1225 309 1260 etiam
341 1226 369 1259 si
399 1222 585 1269 ἐξοπλίζει
618 1237 660 1260 eo
692 1237 763 1272 quo
783 1225 923 1260 volebat
945 1226 1143 1271 significatu
1165 1226 1296 1261 dictum
1319 1231 1433 1266 esset,
1463 1231 1582 1261 tamen
1602 1237 1675 1260 non

204 1280 410 1315 indicativus
432 1281 650 1326 praesentis,
675 1281 737 1316 sed
758 1286 818 1315 aut
839 1281 995 1315 futurum
1017 1286 1076 1315 aut
1098 1281 1272 1327 optativus
1295 1281 1413 1316 addito
1436 1274 1485 1316 ἄν
1503 1281 1587 1327 poni
1610 1281 1675 1316 de-

203 1335 322 1370 behat.
375 1335 489 1378 Quare
519 1336 655 1371 adscito
684 1330 810 1380 οὔτις,
849 1337 1014 1382 quoniam
1044 1330 1182 1371 οὔτινα
1211 1348 1291 1371 curn
1311 1331 1386 1371 τὰν
1407 1330 1557 1371 ἄπονον
1576 1336 1673 1371 nullo

202 1390 308 1425 modo
331 1390 497 1436 coniungi
518 1391 644 1436 potuit,
669 1391 795 1437 scripsi
811 1388 907 1437 βίαν
927 1386 968 1425 δ’
993 1402 1103 1433 ουτις
1123 1387 1214 1434 ἔξαλ
1217 1387 1297 1434 ύξει
1318 1387 1393 1426 τὰν
1413 1402 1563 1426 απονον
1583 1388 1674 1426 δαι-

202 1441 362 1491 μονίων.
403 1445 539 1480 Dictum
562 1451 615 1480 est
637 1442 854 1492 δαιμονίων
873 1452 912 1480 ut
932 1446 1023 1492 apud
1042 1446 1243 1492 Eulipidenl
1259 1443 1403 1480 πολλαὶ
1419 1443 1576 1496 μορφαὶ
1594 1447 1675 1482 τῶν

205 1495 433 1546 δαιμονίων.
476 1500 579 1543 Quod
600 1501 760 1546 sequitur
780 1501 815 1535 in
836 1501 913 1535 1ι1)ι
906 1512 933 1535 is
955 1494 1101 1548 ήμενον
1122 1496 1204 1536 ἄνω
1226 1502 1330 1536 etiam
1351 1502 1380 1536 si
1400 1513 1472 1536 non
1493 1513 1674 1548 repugna-

203 1560 259 1590 ret
278 1560 404 1595 metro,
427 1555 631 1601 languidum
653 1561 749 1590 esset
763 1549 920 1602 ἥμενον,
939 1567 1046 1602 quum
1063 1562 1233 1602 sequatur
1250 1549 1465 1605 ἑδράνων)
1443 1568 1501 1606 αφ
1532 1551 1672 1605 ἁγνῶν.

203 1610 326 1655 Itaque
356 1621 513 1657 μνημον
539 1611 654 1656 posui.
694 1605 855 1657 ’Έμπας
876 1611 969 1651 dixit,
993 1611 1217 1646 referendum
1238 1612 1281 1646 ad
1301 1608 1397 1657 βίαν
1417 1607 1491 1646 τὰν
1511 1606 1672 1648 ἄπονον.

203 1664 388 1699 Postremo
418 1660 487 1713 ἀφ
513 1660 643 1712 ἁγνῶν
671 1665 896 1701 smihendum
926 1677 1005 1701 esse
1034 1666 1118 1701 vidit
1146 1667 1267 1702 nescio
1299 1667 1377 1713 quis
1407 1678 1425 1701 a
1457 1666 1672 1713 Spanhemio

203 1725 419 1754 memoratus
449 1725 485 1754 ct
504 1721 830 1762 Wordsworfflius,
861 1721 1049 1756 Homerica
1071 1732 1300 1769 compartum,
1333 1722 1368 1757 in
1396 1722 1519 1758 Museo
1547 1723 1671 1769 philol.

203 1775 229 1809 Ι.
250 1786 286 1821 p.
310 1775 402 1810 211.

315 1830 379 1865 93.
420 1829 513 1864 Libri
535 1826 579 1883 ἐς
590 1823 720 1880 ὕβριν.

315 1886 379 1920 94.
420 1884 513 1919 Libri
535 1884 610 1919 οἱα.

316 1940 379 1975 95.
422 1934 470 1973 δι’
494 1935 598 1986 ἁμὸν
617 1940 661 1975 Μ.
685 1941 723 1975 G.
746 1940 785 1975 E.
808 1940 896 1975 Rob.
937 1935 1038 1987 ὁμὸν
1058 1953 1099 1977 ex
1119 1941 1155 1977 P.
1178 1941 1357 1977 adnotavit
1376 1942 1558 1978 Faehsius.

312 1989 358 2028 τὸ
380 1988 511 2036 θάλος
530 1994 574 2029 M.
598 1995 637 2029 G.
660 1994 747 2030 Rob.
796 1991 842 2031 τὸ
869 1990 1026 2037 θάλλος
1046 1996 1084 2031 Ε.
1109 1996 1145 2031 Ρ.
1169 2001 1205 2032 et
1227 1997 1282 2032 ed.
1305 1997 1533 2033 Porsoniana.
1584 1997 1673 2034 Cor-

205 2047 294 2082 rexit
313 2047 473 2083 Bothius.

314 2104 378 2139 96.
422 2098 817 2152 δί·σπαραβούλοισιν
838 2100 980 2153 φρεσὶν
999 2104 1043 2139 Μ.
1068 2105 1107 2140 G.
1130 2105 1167 2140 P.
1190 2104 1280 2140 Rob.

315 2158 379 2193 97.
418 2153 577 2203 ,ιιενόλιν
597 2158 640 2193 Μ.
665 2159 703 2193 G.
726 2158 814 2193 Rob.
853 2154 1024 2206 μαινόλη
1047 2160 1085 2194 Ε.
1128 2160 1358 2201 Scholiastes,
1380 2160 1415 2195 in
1438 2161 1537 2196 cuius
1559 2162 1673 2197 adno-

203 2211 335 2246 tatione
364 2207 388 2259 ἢ
420 2208 599 2247 διάνοιαν
626 2224 691 2259 pro
721 2210 785 2247 καὶ
816 2209 996 2248 διάνοιαν
1028 2214 1253 2250 scribendum
1277 2220 1350 2255 cst,
1389 2215 1573 2262 ambiguus
1596 2222 1672 2252 erat

201 2271 318 2300 utrum
350 2262 397 2301 δι’
422 2261 561 2302 ἄνοιαν
588 2279 631 2302 an
660 2264 840 2303 διάνοιαν
868 2269 1038 2316 scriptum
1068 2270 1204 2305 suisset.
1252 2265 1471 2319 Παράνοια
1489 2267 1672 2318 μαινόλις

201 2321 294 2356 dicta
313 2321 468 2368 Emipidi
490 2323 547 2358 Or.
572 2324 663 2359 813.

313 2378 377 2413 98.
419 2389 532 2422 αται,
555 2378 618 2413 sed
638 2384 677 2413 ut
698 2391 708 2412 ι
730 2378 765 2413 in
786 2389 907 2412 rasura
929 2379 984 2420 sit,
1008 2379 1052 2414 M.
1096 2373 1174 2415 ἄτα
1195 2391 1212 2415 e
1235 2380 1458 2416 correctione
1481 2381 1520 2416 G.
1542 2381 1577 2416 in
1600 2392 1670 2428 quo

201 2431 298 2476 prius
321 2443 441 2477 αταν,
472 2438 511 2467 ut
530 2433 607 2468 ΑΜ.
630 2433 719 2468 Rob.
771 2432 915 2479 Culpam
945 2445 1044 2469 suam
1066 2446 1146 2470 sero
1169 2440 1413 2482 cognoscunt,
1445 2436 1527 2483 suga
1548 2441 1671 2472 nostra

202 2485 353 2531 decepti.

313 2541 376 2576 99.
419 2553 582 2586 απαται,
605 2543 667 2577 sed
688 2547 727 2577 ut
747 2555 758 2576 ι
780 2543 814 2577 in
835 2554 957 2578 rasura
978 2544 1033 2585 sit,
1057 2543 1101 2579 M.

316 2596 405 2630 100.
448 2594 672 2643 θρευομένα
689 2598 728 2632 G.

311 2649 404 2683 Libri
424 2645 557 2697 λέγων.
599 2652 756 2687 Correxit
779 2652 939 2699 Engerus
966 2652 1001 2687 in
1028 2651 1146 2688 libello
1168 2653 1211 2689 dc
1233 2664 1340 2689 carm.
1365 2654 1576 2701 antistroph.
1598 2656 1669 2690 Ac-

201 2702 310 2749 schyli
333 2714 368 2749 p.
398 2704 459 2739 72.
