1878 3115
706 208 762 241 AD
789 207 1038 242 SVPPLICES.
1556 200 1608 239 29

136 304 269 360 κρῦων
289 304 328 344 δ’
355 304 568 355 ἀποστάζει
590 305 788 359 πένθιμον
810 308 924 347 αι’ὁίῦ.
964 311 1050 346 Nam
1072 304 1309 354 ἀποστάζειν
1328 321 1400 345 non
1422 321 1462 345 ea
1485 310 1612 346 dicun-

138 371 207 407 tur,
229 376 319 412 quae
341 365 471 412 aliquid
493 367 663 402 abiiciunt
681 373 715 403 et
732 372 927 407 removent,
947 367 1009 401 scd
1027 365 1143 412 potius
1162 376 1252 412 quae
1269 365 1303 400 id
1320 366 1612 412 conspiciendum

135 420 322 468 praebent.
364 421 598 457 Scribendum
620 428 697 457 erat
718 417 944 469 ἀποσχάζει.
983 417 1197 467 Πένθιμος
1213 416 1338 463 αι’ὁίι)ς
1350 417 1538 470 δακρύων
1558 427 1614 457 est

136 476 253 523 pudor
274 488 353 511 cum
376 477 498 512 dolore
514 482 549 512 et
564 477 716 512 lacrimis
734 478 957 517 coniunctus,
977 476 1073 522 quod
1088 477 1200 511 sorma
1222 477 1373 512 humana
1390 477 1522 523 privata
1538 482 1614 512 erat

137 533 188 567 Io.
236 532 334 566 Vnde
364 532 399 567 in
428 533 640 567 Prometheo
663 544 693 566 ν.
716 534 808 568 643.
843 532 927 566 dicit
956 528 1082 566 καίτοι
1114 528 1178 565 καὶ
1201 527 1351 579 λε’γοι;σ’
1377 528 1614 579 αἰσχύνομαι

137 582 365 623 θεόσσυτον
399 589 579 634 χειμῶνα
611 584 677 622 καὶ
718 582 958 637 διαφθορὰν
987 587 1173 635 μορφῆς,
1219 580 1318 622 ὅθεν
1350 599 1419 634 μοι
1453 584 1615 639 σχετλίᾳ

137 638 398 692 προςέπτατο.
517 662 537 686 0

253 697 345 733 568.
387 693 588 745 φυσίζῳον
609 697 648 732 G.

250 751 344 787 Libri
366 747 410 787 τὸ
433 747 494 799 δή.
537 752 686 788 Sensum
708 751 889 799 perspexit
909 750 1105 793 Turnebus,
1127 751 1185 798 qui
1201 752 1269 787 hoc
1292 752 1327 787 in
1348 747 1434 787 todi
1456 753 1614 788 mutavit.

138 807 225 843 Nam
245 819 276 842 ν.
298 808 422 844 568-
438 809 529 844 573.
552 813 635 843 sunt
654 808 780 848 verba,
814 819 905 854 quae
931 819 1054 843 omncs
1076 807 1239 843 homines
1262 807 1380 843 dicere
1403 808 1534 843 chorus
1557 808 1615 844 ait.

139 863 249 899 Recte
271 863 451 897 Porsonus
474 858 577 898 τόὸἐ.

256 920 347 954 573.
389 913 567 966 κιρήσας
587 924 667 953 ante
690 918 951 953 correctionem
973 918 1010 953 P.

256 975 348 1009 574.
391 969 704 1023 ἐνδικωτέροισιν
724 973 815 1008 libri.
857 986 878 1007 ν
899 973 1027 1009 abiecit
1048 973 1245 1009 Turnebus.

258 1030 349 1065 575.
390 1029 465 1063 lN'on
488 1029 523 1063 in
544 1029 612 1063 fine
633 1029 738 1063 huius
759 1040 882 1063 versus
906 1029 991 1064 duas
1009 1029 1160 1076 syllabas
1177 1028 1355 1064 debebant
1372 1029 1543 1065 excidisse
1566 1029 1621 1064 di—

143 1096 225 1120 cere
247 1084 371 1125 critici‚
396 1084 459 1119 sed
481 1084 659 1131 dactylum
680 1084 715 1119 in
735 1084 911 1131 principio
932 1096 1068 1127 versu&
1092 1075 1184 1120 εὖτέ
1199 1096 1253 1134 γε,
1275 1091 1314 1121 ut
1335 1096 1377 1121 ex
1397 1085 1620 1132 antistropha

143 1145 303 1188 apparet.

258 1195 349 1232 578.
389 1190 500 1242 μὴχα
520 1188 654 1243 οἷῖριος
675 1196 713 1230 G.

259 1252 351 1287 579.
392 1251 486 1285 Libri
506 1245 570 1285 ὑπ)
596 1246 735 1299 ἀρχάς.
777 1250 935 1285 Correxit.
958 1250 1159 1285 Scln'itzius.

256 1306 412 1341 Perdidit
433 1317 577 1352 operam
589 1306 792 1341 Wunderus
812 1307 847 1340 in
870 1317 1020 1341 censura
1040 1306 1155 1341 Aiacis
1177 1305 1219 1340 ab
1237 1305 1416 1340 Lobeckio
1439 1305 1522 1341 editi
1539 1317 1620 1352 pag.

150 1363 239 1398 103.
252 1373 352 1407 seqq.
371 1362 517 1396 evicisse
535 1373 572 1396 se
591 1367 688 1396 ratus
703 1357 994 1405 θοάζεινειτῖενε
1006 1361 1216 1407 significare.
1240 1361 1341 1395 Redit
1355 1361 1421 1395 ista
1444 1362 1562 1408 opinio
1580 1361 1624 1396 ad

147 1418 216 1452 duo
247 1417 417 1463 exempla,
449 1428 599 1463 quorum
627 1428 735 1451 unum
765 1417 846 1457 lioc,
870 1417 1019 1451 alterum
1042 1417 1076 1451 in
1097 1417 1270 1463 principio
1295 1416 1418 1462 Oedipi
1439 1417 1533 1463 regis
1555 1422 1621 1457 cst,

147 1478 313 1508 neutrum
334 1477 432 1507 recte
454 1472 686 1507 intellectum.
710 1472 753 1506 Vt
764 1483 871 1519 supra
884 1484 914 1506 v.
929 1472 992 1508 86.
1006 1483 1107 1518 seqq.
1121 1473 1252 1507 chorus
1276 1468 1369 1506 deos*
1383 1472 1480 1507 nullo
1503 1473 1624 1507 labore

147 1528 224 1564 solo
242 1533 330 1562 nutu
351 1538 416 1562 suo
439 1533 474 1562 et
490 1528 669 1562 voluntate
688 1528 803 1563 onmia
822 1528 994 1574 perficere
1013 1528 1106 1568 dixit,
1125 1528 1160 1562 in
1176 1527 1323 1562 eandem
1340 1528 1550 1563 sententiam
1568 1528 1624 1562 hic

147 1584 232 1619 dicit
252 1584 369 1618 Iovem
391 1583 433 1618 ad
455 1583 585 1618 nullius
606 1584 793 1630 imperium
824 1588 1089 1630 properantem,
1111 1577 1176 1618 ὑπ’
1196 1578 1324 1631 ἀρχᾶς
1345 1577 1499 1626 οὗτινος
1519 1578 1626 1618 θοά-

149 1635 266 1684 ζοντα
287 1639 496 1685 (properare
519 1639 611 1673 enim
634 1639 739 1674 debet
762 1639 820 1685 qui
840 1639 986 1685 imperia
1016 1638 1229 1685 potentioris
1252 1639 1484 1685 exsequitur),
1507 1645 1626 1674 tamen

149 1694 334 1731 celerrime
365 1694 507 1729 efficere
530 1693 674 1730 decreta
698 1706 780 1729 sua:
815 1690 982 1743 πάρεστι
1006 1689 1048 1728 δ’
1074 1689 1188 1743 ἔργον
1209 1688 1264 1736 ὠς
1285 1689 1377 1736 ἔπος
1397 1692 1572 1730 σπεῦσαί
1589 1706 1625 1729 τι

148 1751 231 1786 τῶν
248 1745 413 1796 βούλιος
435 1746 543 1799 ([ἕρει
567 1745 685 1799 ᾳρήν.
734 1750 949 1785 Referuntur
970 1750 1011 1784 ad
1035 1761 1072 1785 se
1095 1750 1244 1785 invicem
1266 1745 1430 1793 θοάζων
1450 1756 1484 1785 et
1505 1751 1627 1785 σπεῦ-

149 1817 229 1841 σαι.
272 1805 444 1848 Quoniam
466 1810 583 1840 autem
605 1806 681 1852 ipse
704 1806 781 1840 talis
805 1812 859 1840 est
880 1806 1055 1852 Iuppiter,
1087 1805 1218 1851 gaudet
1239 1805 1343 1840 etiam
1365 1805 1482 1840 facere
1503 1811 1542 1840 ut
1564 1806 1628 1841 dc-

148 1861 254 1896 bilior
274 1860 513 1907 potentiorem
536 1861 673 1901 vincat,
697 1872 813 1907 neque
836 1861 902 1895 alio
926 1861 1146 1907 superiorem
1168 1860 1286 1895 locum
1310 1866 1451 1895 tenente
1474 1860 1562 1895 infra
1584 1861 1628 1896 sit

149 1917 301 1964 positus.
344 1916 386 1950 Vt
407 1916 483 1962 ipsa
503 1916 608 1951 verba
630 1916 787 1957 reddam,
811 1917 879 1951 hoc
895 1917 989 1957 dicit,
1007 1918 1071 1952 sub
1084 1918 1220 1952 nullius
1237 1917 1391 1963 imperio
1405 1928 1627 1963 properans,

145 1974 283 2020 probat
306 1973 519 2007 debiliorem
538 1974 707 2018 fortioris
730 1973 923 2019 compotiri
938 1975 1054 2019 infra,
1075 1973 1176 2007 nullo
1193 1972 1361 2018 superius
1377 1974 1531 2007 sedente.
1554 1967 1629 2007 Σέ-

150 2026 238 2075 βειν
264 2025 439 2074 probandi
461 2026 661 2073 significatu
683 2027 766 2062 dixit
787 2028 821 2062 in
842 2028 964 2073 Agam.
988 2038 1018 2061 ν.
1049 2027 1164 2063 1580.
1186 2021 1374 2074 Αἴγισθ’,
1395 2021 1570 2075 ὑβρίζειν
1591 2024 1631 2063 ἐν

153 2078 330 2118 κάκοισιν
367 2077 413 2117 οὗ
449 2078 579 2128 σέβω,
617 2087 651 2117 et
681 2083 716 2118 in
745 2083 846 2118 Eum.
867 2095 899 2118 v.
925 2084 1016 2119 741.
1047 2077 1093 2118 τὸ
1121 2077 1178 2129 μὴ
1209 2077 1360 2117 ἀδικεῖν
1388 2078 1573 2128 σέβοντες
1592 2080 1632 2118 ἕν

155 2133 356 2189 ὁίαιρέσει.

270 2194 362 2230 580.
405 2194 587 2240 κρεῖσσον
607 2187 662 2229 ὢν
682 2193 726 2228 M.
750 2193 788 2227 G.
812 2192 901 2228 Rob.
943 2194 1099 2242 κρεῖσον
1120 2187 1175 2229 ὢν
1189 2192 1228 2228 Ε.
1261 2193 1419 2228 Correxit
1433 2193 1630 2228 Turnebus.

273 2249 365 2286 581.
408 2242 565 2290 οὗτινος
585 2249 629 2284 Μ.
653 2249 692 2284 G.
736 2242 892 2290 οὗτινος
912 2248 1000 2283 Rob.

278 2298 290 2312 2
339 2299 349 2313 t
421 2298 432 2312 2
549 2294 565 2313 δ’
696 2299 706 2312 ³
879 2298 889 2311 ‹
957 2300 963 2312 ι
1039 2297 1050 2311 2
1210 2298 1220 2312 c
1270 2299 1280 2313 ι
1453 2299 1463 2313 ι

268 2316 368 2350 ημεν
389 2314 434 2338 ου
457 2304 502 2339 Μ.
542 2316 643 2352 ημεν
663 2315 709 2339 ου
733 2304 771 2339 G.
789 2304 827 2338 E.
868 2316 892 2351 η
913 2316 987 2350 μεν
1007 2314 1053 2338 ου
1070 2303 1158 2338 Rob.
1199 2314 1347 2351 ημενου
1365 2309 1399 2338 et
1415 2302 1514 2353 σεβῃ
1525 2303 1631 2338 Tum.

157 2359 350 2395 Emendate
371 2359 460 2393 Vict.

275 2415 366 2450 583.
408 2413 503 2448 Libri
524 2408 693 2455 ὁούλιος.
735 2413 939 2448 Emendavit
960 2414 1126 2464 Auratus.

275 2470 366 2505 584.
409 2468 485 2503 Non
507 2474 593 2515 puto
626 2468 904 2503 construendum
929 2479 1007 2503 esse
1029 2465 1070 2503 εὐ
1094 2479 1174 2503 cum
1195 2467 1406 2517 θαρσεῖτε,
1436 2474 1475 2503 ut
1505 2469 1549 2504 sit
1570 2464 1635 2504 εὗ-

162 2524 352 2574 θαρσεῖτε
380 2519 431 2559 τὰ
461 2525 542 2559 τῶν
570 2520 779 2572 ἐγχωρίων.
827 2523 915 2559 Illud
936 2535 1018 2559 vero
1040 2535 1111 2559 non
1134 2524 1365 2565 contendam,
1397 2535 1468 2559 non
1490 2525 1636 2560 interci-

163 2580 256 2615 disse
278 2590 417 2614 versum
439 2579 531 2614 inter
551 2580 616 2614 bos
639 2579 740 2614 duos.

279 2636 370 2672 586.
412 2629 612 2683 ἀγγέλλων
639 2635 683 2669 Μ.
714 2646 733 2669 a
761 2645 808 2669 m.
831 2634 987 2670 secunda
1019 2640 1054 2669 et
1074 2634 1112 2669 L'.
1154 2628 1330 2683 ἀγγέλων
1350 2635 1393 2670 Μ.
1416 2646 1435 2670 a
1456 2646 1502 2670 m.
1524 2635 1636 2682 prima

163 2697 199 2726 et
220 2691 259 2726 G.
281 2690 370 2726 Rob.
