1878 3115
207 176 287 216 482
774 181 1118 214 ADNoTATtoNEs

211 286 436 323 scribendum
459 286 623 326 coniecit,
644 279 889 335 πρεπόντως,
906 286 1152 350 recipiendum
1176 286 1370 333 suspicanti
1391 286 1609 322 Blomfieldio
1632 287 1685 322 sa-

212 344 276 379 cile
295 343 398 388 quis
391 343 615 382 assentiatm,
640 341 668 376 si
689 353 760 376 non
783 339 816 376 εἴ
837 336 878 376 δ’
902 337 950 390 ἦν
969 335 1211 391 πρεπόντως,
1235 334 1322 384 ὥςτ
1346 338 1600 388 ε’πισπένδῃειι
1624 342 1685 378 sed

211 400 260 433 sic
283 398 401 444 potius
424 397 583 432 construi
603 397 719 439 vellet,
747 394 780 432 εἴ
802 391 842 432 δ
864 394 887 445 ἦ
883 410 925 441 ν,
948 392 1179 448 πρεπόντως
1199 390 1289 439 (ῧςτ
1312 393 1565 433 ἐπισπένδειν.
1605 398 1686 433 Mihi

211 454 348 488 videtur
376 453 571 500 Aeschylus
602 453 788 500 sciipsisse
819 450 852 488 εἴ
881 447 922 488 δ”
951 449 1001 501 ἦν
1026 449 1178 503 πρέπον
1201 446 1303 504 τῷδ’
1326 445 1413 495 ὧςτ
1443 449 1689 489 ἕπισπενδειν

213 520 349 558 velow.

329 564 446 600 1356.
479 563 674 610 Tyruliitto
696 563 880 599 videbatur
900 557 994 600 τάδ’
1026 564 1059 598 in
1084 558 1185 599 τιῦδ
1210 575 1288 599 esse
1310 564 1528 604 mutandum,
1560 569 1599 599 ut
1618 564 1687 599 hoc

213 621 403 659 dicerettu
427 620 459 654 si
479 626 618 655 mortuo
637 621 845 656 libationem
868 622 957 655 dare
979 621 1112 660 ἔξεον-,ει
1136 622 1218 656 huic
1238 621 1329 656 iuste
1344 622 1508 656 claretur.
1545 619 1590 655 Ea
1609 631 1689 654 mu-

213 676 345 710 tatione
368 686 411 709 ne
435 680 507 709 tum
531 675 672 721 quidem
694 686 784 722 opus
807 686 885 710 csse
906 675 1054 717 videtur,
1079 676 1106 710 si
1123 669 1354 725 πρεπόντως
1371 675 1548 710 scribitur.
1582 675 1688 710 Plene

213 732 245 765 in
268 731 335 765 line
358 730 462 765 huius
483 742 606 765 versus
627 731 950 777 interpungendum
973 742 1051 766 esse
1071 731 1155 766 vidit
1176 732 1410 778 Tyrwliittus:
1441 737 1546 777 atque
1576 731 1689 765 inter-

212 791 383 833 punctum
405 786 453 821 ita
475 791 529 821 est
549 786 583 820 in
605 786 818 821 editionibus
840 786 984 821 Victorii
1005 792 1040 822 ct
1061 786 1212 827 (lauteri,
1249 798 1334 833 quas
1356 787 1510 833 pessime
1533 786 1688 821 deseruit

214 841 403 881 Stanleius,
426 852 498 876 non
518 841 639 876 videns
660 836 885 890 ὑπερδίκως
903 837 977 887 μὲν
997 833 1069 877 οὗν
1089 853 1168 877 esse
1191 845 1294 878 immo
1316 845 1520 882 iustissime,
1543 853 1609 877 nec
1631 852 1690 876 re—

213 903 340 944 putans
362 897 500 942 integro
523 897 674 931 disticho
696 897 827 931 includi
849 896 978 931 debere
1001 898 1211 932 sententiam
1234 908 1301 943 qna
1323 897 1442 932 finitur
1463 897 1588 932 oratio.

332 953 448 987 1357.
479 951 719 986 Blomfieldius
748 951 878 986 mavult
905 946 1083 987 τοσόνδε.
1133 951 1189 987 Sic
1221 957 1338 987 amant
1361 953 1470 998 loqui.
1513 952 1550 987 V.
1574 953 1690 987 Prom.

215 1021 246 1043 v,
266 1009 353 1043 112.
378 1008 537 1054 Choeph.
554 1019 584 1041 v,
602 1009 666 1043 40.

332 1064 447 1099 1358.
480 1056 653 1110 Πλήσας
667 1055 820 1112 ἀραίων
835 1073 899 1109 per
914 1073 952 1097 se
965 1068 1141 1098 constant.
1173 1062 1261 1098 Male
1278 1063 1427 1109 iungunt
1443 1062 1577 1098 κακῶν
1590 1056 1693 1109 πλή-

215 1130 288 1160 σας
310 1112 474 1167 ἀραίων.

333 1175 448 1210 1361.
481 1174 518 1208 In
541 1173 626 1208 Ven.
650 1174 749 1209 deest
769 1185 863 1220 μου.

335 1230 450 1265 1362.
480 1223 598 1277 Πρὸς
618 1223 775 1271 εἰδότας
797 1229 880 1264 dicit
900 1235 938 1265 ul
959 1230 1038 1265 sitis
1059 1232 1219 1266 scientes.

332 1286 449 1321 1365.
481 1284 804 1331 Interpungebatur
824 1290 905 1331 post
920 1278 1052 1336 χερός.
1095 1284 1254 1320 Correxit
1273 1284 1504 1320 Abreschius.

334 1342 449 1376 1366.
483 1336 646 1382 δικαίως
666 1341 768 1375 Farn.

334 1397 450 1432 1368.
484 1396 638 1431 Diineter
654 1395 824 1431 iambicus
844 1396 1073 1432 acatalectus.
1187 1395 1272 1431 Leni
1296 1395 1421 1442 spiritu
1443 1389 1584 1431 ἐδανὸν
1604 1395 1694 1430 scri-

216 1452 370 1486 bendum
395 1462 473 1486 esse
494 1451 577 1486 vidit
600 1452 842 1487 Casaubonus.
884 1452 1079 1499 Hesychius
1102 1447 1237 1495 ἕδάνά,
1267 1445 1459 1497 ἒδώδᾈιια,
1490 1443 1693 1500 βρώσιμα.

219 1504 386 1551 ἐδονοῖς
407 1502 979 1556 [3³911›61',1101;.A1‘‹5)515703.In
1002 1508 1094 1542 Flor.
1117 1507 1235 1553 glossa
1255 1500 1427 1567 βροηόν.

335 1564 452 1599 1369.
484 1557 1232 1612 ῥισᾶςΡῑιΓη.1Ἷοῑ.ῥισαςΡΙοΓ.Υ.θιι
1275 1562 1396 1597 Glossa
1420 1562 1453 1596 in
1475 1561 1692 1596 Flor.Fa1n.

221 1632 234 1666 ᾗ
238 1619 401 1666 ῃραιᾶς.
444 1618 601 1653 Coriexit
624 1618 813 1653 Stanleius.
856 1618 1053 1680 Sophocles
1076 1619 1126 1653 Ai.
1144 1630 1175 1652 V.
1194 1618 1286 1654 883.
1309 1611 1356 1666 ῥῖ
1362 1617 1440 1652 τῶν
1461 1613 1697 1680 Βοςπορίων

223 1674 429 1719 ποταμῶν,
453 1679 487 1708 et
509 1674 595 1709 Oed.
613 1674 687 1709 Col.
705 1686 735 1708 v,
752 1675 868 1710 1597.
891 1668 1023 1738 ῥυτῶν
1040 1667 1202 1708 ὑδάτων
1222 1668 1374 1721 λουτρὰ
1395 1666 1589 1718 καὶχοοὶς.
1626 1672 1696 1706 De-

222 1729 302 1763 inde
325 1724 531 1777 ὁρώιιειον
551 1730 644 1764 Flox
666 1730 752 1764 Ven.
777 1729 864 1764 Vict.
905 1723 1120 1778 ὀρωμενΜι
1143 1740 1222 1763 cum
1244 1728 1372 1775 glossis
1392 1723 1696 1776 κινηθέν,γεγο-

221 1778 287 1826 νός
309 1785 411 1819 Farn.
453 1778 646 1833 ὀρόμενον
666 1785 850 1820 Canteius.
891 1785 1034 1820 Rectius
1055 1778 1304 1819 Abreschius’
1293 1795 1473 1836 ορμενον.

337 1841 608 1877 137o.1371.
646 1835 822 1876 ἐπεύθου
852 1841 955 1876 Farn.
1071 1834 1271 1887 ἀπέταμες
1298 1839 1385 1874 Ven.
1415 1831 1504 1873 Vict.
1535 1843 1570 1873 et
1599 1837 1641 1873 ad
1671 1849 1696 1872 α

222 1896 466 1941 superscripto
489 1907 504 1930 ε
526 1896 619 1931 Floi.
662 1891 871 1942 απέτεμες,
894 1896 936 1931 ad
958 1896 1107 1931 alterum
1129 1907 1144 1930 ε
1167 1895 1410 1942 superscripto
1434 1906 1471 1938 α,
1493 1894 1595 1928 Farn.
1636 1893 1695 1928 Ri-

223 1950 337 1985 dicule
359 1951 447 1985 baec
469 1951 586 1992 verba,
617 1945 707 1986 τόδ’
737 1947 887 1986 ἐπέθου
917 1945 1019 1993 θύος
1040 1945 1302 2000 δημοθρόους
1330 1945 1361 1986 τ’
1385 1943 1509 1999 ἀράς,·
1545 1948 1696 1984 Schole-

223 2005 359 2040 fieldius
381 2006 634 2052 interpretatus
657 2011 728 2046 est,
759 2008 965 2052 imposuisti
994 2007 1062 2041 tibi
1090 2007 1143 2050 (ut
1170 2008 1338 2042 victimae
1363 2017 1447 2041 mom
1475 2008 1517 2040 ob
1539 2007 1696 2041 crimina

222 2063 455 2107 mactandae)
478 2062 545 2097 hoc
565 2063 646 2097 thus
661 2062 896 2108 publicarum
917 2063 1212 2097 emecratz'onum?
1253 2060 1485 2095 Selibendum
1507 2064 1562 2094 est

426 2110 515 2151 τόδ’
539 2112 688 2179 επὲθρυ
709 2110 824 2160 θύος,
848 2110 1111 2166 δημοθρόους
1130 2110 1162 2151 τ’
1188 2109 1289 2165 αρὰς

424 2165 606 2214 ἀπέδικες
627 2166 866 2218 ἀποτόμ(ι)ς;

225 2232 255 2262 et
277 2228 404 2273 popula·
426 2230 529 2263 (liras
551 2230 795 2274 contempsisti
808 2228 1031 2274 praefracte.
1071 2226 1228 2274 Respicit
1249 2226 1291 2261 ad
1308 2237 1339 2260 v.
1356 2226 1472 2262 1363.
1513 2223 1696 2270 Euripides

224 2282 299 2316 Ah.
323 2294 352 2317 v,
374 2284 465 2319 992.
496 2276 592 2318 οὐδέ
618 2295 675 2325 τις
704 2277 911 2329 αποτόμου
940 2276 1118 2330 ὶηματός
1146 2280 1252 2317 ἐστιν
1273 2274 1407 2323 αἰδώς.
1460 2280 1591 2342 Deinde
1618 2279 1697 2314 libri

226 2332 651 2380 0711271g.Casatll)oiius
673 2332 902 2380 ἀπόπτοὶις.
950 2338 999 2373 Ex
1020 2350 1096 2373 mea
1119 2343 1154 2373 et
1176 2337 1323 2373 Seidlcri
1345 2336 1518 2371 sententia
1542 2329 1698 2370 ἀπόπο-

226 2391 285 2434 λις
306 2393 543 2429 Blomlieldius
566 2394 760 2441 ceterique.
811 2394 913 2437 Quod
934 2394 963 2428 si
992 2394 1070 2440 quis
1100 2394 1241 2429 obiiciat
1268 2393 1319 2427 vix
1345 2393 1522 2427 inventum
1543 2391 1585 2425 iri
1605 2389 1698 2425 aliud

226 2448 329 2483 buius
351 2448 484 2485 formae
507 2450 715 2496 exemplum,
738 2455 880 2496 reputet
901 2449 1001 2484 velim
1023 2450 1143 2484 talium
1163 2448 1414 2484 vocabulorum
1432 2448 1523 2482 hanc
1545 2457 1624 2481 esse
1640 2457 1699 2481 ra-

228 2504 379 2545 tionem,
411 2511 449 2540 ut
469 2506 630 2552 poeticae
652 2506 805 2547 formae,
843 2505 938 2552 quod
958 2505 1160 2552 vulgaribus
1181 2504 1302 2540 metris
1324 2503 1479 2549 aptiores
1501 2507 1632 2542 essent,
1662 2501 1698 2536 in

229 2569 451 2595 communem
467 2572 569 2596 usum
585 2561 755 2602 venerint,
777 2561 883 2596 veluti
898 2572 987 2607 quae
1009 2562 1042 2596 in
1060 2572 1205 2609 ρριτος
1223 2565 1259 2595 et
1279 2570 1426 2601 σσυτος
1445 2558 1695 2598 terminantur;

230 2625 298 2658 quo
322 2615 450 2650 sactum
483 2628 562 2652 esse
585 2624 622 2652 ut
643 2617 876 2664 simpliciores
897 2617 1007 2663 magis
1028 2617 1231 2652 viderentur
1251 2626 1329 2650 esse
1350 2614 1525 2662 poeticae.
1639 2611 1698 2647 Li-

228 2667 282 2703 bri
304 2665 386 2720 ἔσῃ.
