1878 3115
167 230 216 268 10
726 228 1067 263 ADNOTATioNEs

280 337 368 372 125.
410 335 503 371 Libri
526 328 769 380 ἅδ’άμαντον.
811 332 972 367 Correxit
992 330 1153 366 BothiuS.

280 393 367 428 128.
409 391 500 425 Libri
523 385 667 436 ἔχουσα
687 382 791 434 σέμν’
817 382 947 422 ἐνώπι’
969 379 1160 435 ἀσφαλές.
1196 382 1314 418 Oculis
1331 381 1500 417 aberrans
1518 381 1635 417 scriba

164 447 297 483 codicis
327 446 487 493 primitivi
516 439 694 493 ἀσφαλές
720 448 890 489 posuerat
916 442 976 477 ubi
995 436 1181 489 Ἄρτεμις
1212 437 1376 473 debebat.
1435 437 1634 483 Hesychius

165 498 323 545 ἐνώπια,
345 497 395 536 τὰ
416 494 654 547 καταντικρὺ
675 499 746 533 τοῦ
766 496 948 539 πυλῶνος
968 508 992 545 (J
1003 491 1189 541 αινόμενα
1207 489 1322 541 μέρη,
1346 486 1371 528 ἃ
1395 489 1460 527 καὶ
1479 487 1635 528 διεκόσ-

163 570 266 605 μουν
296 553 406 591 ἕνεκα
434 557 513 591 τῶν
541 548 777 601 παριόντων.
832 553 927 588 Idem
956 546 1186 600 προνώπια,
1223 545 1274 584 τὰ
1305 544 1537 596 ἔμπροσθεν
1556 547 1637 583 τῶν

165 612 311 655 πυλῶν,
334 606 520 659 καθάπερ
543 604 689 645 ἐνώπια
709 604 759 644 τὰ
780 603 903 651 ἔνδον,
925 601 1026 642 ὅπου
1048 601 1089 641 αἱ
1109 600 1254 645 εἰκόνες
1274 600 1467 638 τίθενται.

282 667 370 703 129.
398 667 485 702 130.
526 661 642 699 παντὶ
674 660 717 699 δὲ
744 659 934 699 σθένουσι
965 664 1019 704 (σι
1049 662 1084 696 111
1111 671 1235 695 rasura
1264 659 1326 703 Μ.)
1361 655 1570 705 ὁιωγμοΐσι
1593 651 1633 691 δ”

166 718 247 772 &oq
256 717 373 763 αλέας
394 717 641 768 (ὅιωγμοῖσιν
662 714 839 768 ἀσφαλὲς
856 717 961 762 Rob.)
980 717 1024 752 M.
1043 717 1081 752 G.
1099 716 1138 751 E.
1157 714 1245 750 Rob.
1283 713 1413 759 Recepi
1431 713 1527 759 quod
1543 713 1638 747 Hea-

168 778 260 813 thius
282 776 411 811 invenit
431 772 546 810 παντὶ
571 770 613 809 δὲ
633 770 765 809 σθένει
787 779 823 809 et
843 773 989 819 scripsi,
1014 777 1051 807 ut
1072 770 1246 807 sententia
1267 767 1491 817 postulabat,
1517 765 1637 816 διωγ-

165 834 257 880 μοῖς
277 829 428 877 ἐμοῖσιν
448 825 678 876 ἀσχαλεῦσα.

285 888 374 923 134.
415 881 454 921 ἐέ
473 885 516 920 Μ.
542 885 580 920 G.
604 884 692 920 Rob.

284 943 373 978 135.
414 940 506 976 Libri
528 934 772 986 ἀδείμαντον.
813 937 971 973 Correxit
991 936 1151 971 Bothius.

284 998 373 1033 136.
416 992 449 1030 εἰ
469 991 518 1042 δὴ
539 990 594 1042 μὴ
616 995 660 1029 Μ.
684 995 722 1029 G.
746 992 833 1028 Rob.
875 989 908 1027 εἰ
929 988 972 1028 δὲ
990 988 1046 1040 μὴ
1068 990 1266 1027 Turnebus.

280 1051 476 1098 Hesychius
496 1045 707 1096 μελανθές,
727 1044 863 1096 μέλαν.

286 1109 375 1143 137.
413 1101 655 1154 ἡὸιόκτυπον
673 1105 717 1140 Μ.
741 1105 780 1140 G.
803 1102 891 1138 Rob.
938 1097 963 1150 ἢ
987 1096 1202 1138 διὸκτυπον
1221 1099 1409 1136 Victorius
1460 1095 1638 1134 Emenda-

168 1162 216 1197 vit
235 1162 470 1197 Wellauerus.

285 1218 373 1253 138.
415 1216 531 1250 Citant
551 1214 699 1260 Etymol.
724 1213 811 1248 Gud.
833 1224 868 1258 p.
892 1212 983 1253 227,
1005 1213 1069 1248 37.
1092 1216 1128 1246 et
1155 1210 1405 1257 grammaticus
1426 1209 1460 1243 in
1483 1206 1639 1243 Crameri

169 1272 300 1307 Anecd.
325 1270 486 1306 Oxon.11.
508 1281 543 1316 p.
563 1270 654 1309 443,
679 1270 738 1304 12.
767 1263 1003 1303 τὸνταιονΜ.
1033 1261 1217 1301 τόνταιον
1233 1265 1271 1300 G.
1303 1260 1545 1300 τὸνταιονΕ.
1567 1257 1638 1297 τὸν

170 1324 282 1363 ταίον
302 1327 339 1361 Ρ.
386 1321 456 1361 τὸν
484 1320 597 1360 ταιὸν
615 1324 659 1358 Ὶη
688 1334 752 1358 suo
783 1322 905 1358 codice
928 1333 1006 1356 esse
1030 1321 1114 1356 dicit
1134 1320 1373 1360 Romi-tellus,
1396 1319 1473 1365 ipse
1495 1317 1639 1363 scripsit

170 1378 240 1418 τὸν
260 1376 392 1429 ταγόν.
432 1380 515 1415 Inde
537 1391 556 1414 a
570 1378 732 1413 Turnebo
749 1378 927 1424 vulgatum
943 1370 1164 1424 τοῧγγαιον.
1201 1376 1310 1410 Recte
1327 1375 1551 1409 Wellauerus
1567 1367 1639 1407 τὸν

171 1432 295 1486 γάϊον.
335 1436 383 1470 De
405 1435 531 1470 ceteris
554 1434 620 1469 dixi
636 1434 670 1468 in
686 1432 982 1468 commentatione
1001 1431 1043 1466 de
1061 1431 1270 1476 quibusdam
1286 1429 1434 1475 trilogiis
1450 1427 1635 1473 Aeschyli:

171 1505 202 1527 ν.
220 1491 420 1526 Relationes
442 1490 484 1524 de
505 1489 592 1524 actis
606 1487 794 1523 societatis
810 1486 999 1522 litterariae
1016 1485 1206 1532 Lipsiensis
1223 1497 1253 1520 a.
1272 1486 1387 1522 1846.
1406 1496 1441 1531 p.
1458 1484 1546 1519 124.
1560 1493 1636 1528 seq.

179 1545 234 1594 [V.
257 1546 300 1581 ad
325 1539 647 1590 Θαλαμοποιούς,
668 1542 736 1577 vol.
759 1543 784 1577 Ι.
807 1553 841 1588 p.
862 1539 968 1588 331.]

291 1602 379 1637 14-1.
408 1601 494 1635 145.
536 1594 770 1644 ἀζηνιουσιω
791 1593 917 1642 (ἀζηνὶ
940 1591 1061 1645 οὐσίῳ
1074 1595 1113 1630 G.
1128 1595 1168 1629 E.
1191 1589 1453 1640 ἀζηνιοουσίιι)
1464 1593 1502 1627 P.
1526 1586 1638 1638 ἄζηνι

176 1666 298 1690 ουσιω
327 1656 407 1689 cod.
429 1653 637 1698 Robortelli)
665 1653 782 1700 μῆνις
810 1646 989 1699 μάστειρ’
1022 1647 1064 1685 ἐκ
1090 1648 1201 1684 θεῶν
1220 1649 1264 1683 Μ.
1288 1650 1327 1683 G.
1350 1649 1389 1684 E.
1413 1649 1450 1683 P.
1500 1637 1532 1681 ὦ
1554 1645 1638 1682 Ζεῦ

170 1706 273 1752 Ἰοῦς
301 1705 348 1744 ἰώ
375 1710 493 1755 μῆνις
519 1702 697 1755 μάστειρ’
722 1704 763 1742 ἐκ
790 1706 900 1741 θεῶν
919 1705 1007 1740 Rob.
1043 1716 1083 1739 ex
1105 1704 1321 1740 coniectura.
1365 1702 1567 1738 Interiectio
1590 1696 1638 1736 ἰώ

176 1777 241 1800 nec
272 1773 369 1799 recte
392 1763 564 1798 collocata
586 1767 658 1803 est,
690 1772 755 1796 nec
779 1761 881 1807 digna
904 1771 992 1807 quae
1016 1771 1095 1795 cum
1116 1759 1258 1794 nomine
1279 1759 1336 1793 lus
1359 1762 1637 1804 compararetur.

177 1819 317 1855 Scholia
340 1819 500 1853 codicum
523 1818 565 1851 M.
589 1822 624 1851 et
645 1817 683 1852 G.
708 1806 738 1851 ὦ
759 1814 853 1859 Ζεῦ,
874 1809 898 1862 ἡ
920 1811 1030 1860 παρὰ
1051 1815 1131 1850 τῶν
1150 1813 1260 1848 θεῶν
1278 1815 1395 1860 μῆνις
1416 1808 1519 1847 κατὰ
1536 1807 1639 1853 Ἰοῦς

178 1869 284 1921 ὠὸῆς
304 1870 382 1908 ἐστὶ
405 1869 468 1907 καὶ
489 1867 774 1918 μαστιγωτικῆ.
821 1872 922 1906 Patet
942 1865 1068 1917 ὠὸῆς,
1099 1869 1194 1916 quod
1222 1869 1256 1903 iu
1279 1868 1422 1903 scholiis
1444 1866 1640 1902 Robortelli

180 1934 215 1964 et
235 1927 502 1963 Monacensibus
533 1927 700 1961 omissum
730 1931 803 1966 est,
833 1920 955 1971 ἷώὸης
984 1936 1074 1959 esse.
1126 1924 1241 1967 Quare
1262 1923 1296 1958 in
1316 1929 1444 1969 poetae
1466 1933 1569 1957 versu
1590 1919 1640 1971 ἰῷ

178 1983 293 2030 posui.
334 1983 434 2016 Virus
454 1992 518 2027 pro
542 1981 620 2015 odio
643 1980 726 2015 dicit
746 1986 785 2014 ut
804 1981 839 2014 in
860 1982 981 2025 Agam.
995 1980 1086 2015 801.
1110 1974 1298 2026 δύςφρων
1316 1973 1392 2025 γὰρ
1415 1973 1474 2018 ἰὸς
1494 1973 1641 2027 καρδίᾳ

180 2033 422 2085 προςήμενος
450 2030 580 2081 ἄχθος
609 2031 793 2078 διπλοίζει
822 2035 877 2083 τῷ
899 2029 1108 2083 πεπαμένῳ
1127 2028 1254 2068 νόσον.
1295 2032 1403 2077 Magis
1424 2031 1567 2078 proprie
1589 2031 1640 2067 sic

180 2093 266 2128 iram
288 2092 466 2126 Furiarum
486 2095 588 2125 vocat
607 2089 642 2124 in
662 2089 807 2124 Eumen.
831 2090 923 2125 470.
948 2089 1038 2124 722.
1089 2087 1190 2131 Quod
1209 2082 1407 2135 μάστειρα
1428 2086 1640 2121 scholiastae

180 2141 448 2193 μαστιγωτική
471 2150 540 2184 cst,
564 2155 634 2179 non
655 2145 810 2184 mirarer,
835 2144 863 2178 si
883 2143 1077 2189 Aeschylus
1098 2143 1133 2177 in
1153 2143 1219 2177 hac
1241 2142 1433 2187 tragoedia,
1458 2152 1546 2187 quae
1569 2153 1640 2176 nou

182 2212 294 2247 pauca
313 2200 520 2246 perantiqua
542 2204 577 2233 et
597 2198 758 2234 obsoleta
777 2198 882 2233 verba
903 2198 1028 2238 habet,
1047 2209 1066 2232 a
1085 2193 1266 2244 μαστιέιν
1286 2197 1473 2231 formasset
1492 2191 1640 2241 μάστι-

183 2267 268 2304 ραν,
291 2254 445 2301 quamvis
466 2254 604 2288 insolita
620 2253 743 2288 forma.
783 2249 924 2301 Φθίρα
942 2253 1081 2299 quidem
1098 2252 1191 2298 apud
1204 2252 1421 2297 Stephanum
1438 2251 1640 2297 Byzantium

183 2321 282 2345 error
302 2309 437 2344 scribae
459 2314 512 2343 est
531 2319 718 2354 veramque
739 2308 947 2354 scripturam
973 2304 1084 2355 ‹091'9
1099 2307 1206 2342 habet
1221 2306 1425 2341 Eustathius
1442 2318 1477 2351 p.
1492 2307 1582 2346 368,
1604 2308 1639 2341 7.

185 2365 242 2411 qui
271 2363 317 2399 ibi
348 2364 491 2409 copiose
513 2363 554 2398 de
577 2363 750 2409 scriptura
771 2363 929 2403 disserit,
961 2362 1160 2397 Herodiano
1183 2366 1328 2396 auctore
1351 2360 1641 2395 Choeroboscum

187 2415 299 2465 Φθίρ
328 2419 403 2453 solo
431 2417 454 2453 ἴ
469 2417 574 2452 scribi
594 2429 812 2459 memorans,
844 2417 939 2464 quod
958 2428 1088 2452 nomen
1108 2416 1271 2451 habuerit
1290 2416 1379 2450 filius
1401 2415 1640 2461 Endymionis.

185 2473 224 2506 V.
247 2472 483 2508 Choerobosci
506 2483 658 2507 canones
679 2484 714 2519 p.
735 2473 797 2512 86,
821 2474 881 2508 16.
906 2473 995 2512 346,
1016 2473 1051 2508 8.
1075 2477 1110 2506 et
1131 2471 1373 2517 epimerismos
1395 2482 1429 2516 p.
1456 2472 1492 2511 4,
1523 2472 1583 2506 11.
1606 2474 1642 2505 et

186 2527 445 2571 Theognostum
467 2539 501 2572 p.
525 2529 588 2567 41,
616 2529 677 2562 17.
726 2527 937 2572 Goettlingio
959 2527 1003 2560 ad
1022 2526 1258 2560 Theodosium
1278 2526 1372 2560 visus
1394 2530 1449 2559 est
1469 2524 1643 2559 Herodia-

188 2592 253 2616 nus
275 2579 296 2615 ἷ
313 2580 345 2614 in
367 2578 491 2628 (1131‘9,
517 2576 675 2629 Ψθιρός
695 2581 825 2627 corripi
845 2581 1032 2615 iudicasse.
1073 2581 1109 2615 Si
1129 2581 1177 2614 ita
1198 2581 1339 2620 statuit,
1372 2590 1497 2614 vereor
1517 2590 1561 2613 ne
1583 2590 1642 2613 er-

190 2636 327 2670 raverit.
367 2635 451 2669 Nam
473 2635 501 2669 si
521 2645 621 2669 mons
641 2636 783 2670 Latmus
808 2631 921 2683 ‹1231'9
942 2635 1088 2681 eiusque
1108 2635 1245 2669 incolae
1266 2633 1421 2683 Φθΐρες
1441 2633 1524 2668 dicti
1545 2637 1639 2673 sunt,

195 2686 365 2738 Φθίρων
393 2683 487 2738 ὅρος
515 2683 807 2738 ἀκριτόφυλλον
826 2689 865 2725 11.
887 2689 929 2725 11.
954 2689 1045 2726 868.
1079 2689 1294 2725 contrarium
1323 2689 1439 2724 docet.
1490 2687 1590 2730 Quod
1613 2687 1641 2722 si
