1878 3115
204 203 284 244 220
773 206 1116 241 ADNOTATIONES

204 313 409 350 memoravit
430 313 471 348 11.
496 312 709 359 Stephanus.
763 312 812 359 γῆ
833 305 969 355 ἀσιας,
1000 310 1149 345 alterum
1179 309 1387 345 vocabulum
1417 309 1491 344 sine
1513 315 1674 350 accentu,

205 371 283 406 Par.
305 370 330 404 Ι.
368 364 452 417 γαῖ’
477 363 595 409 ἀσιάς
615 367 659 402 Μ.
683 367 722 402 G.
746 367 812 402 Vit.
834 366 929 413 Lips.
951 366 1029 401 Ald.
1051 365 1140 400 Roh.
1163 365 1269 400 Turn.
1294 365 1383 400 Vict.
1421 366 1536 411 Atque
1558 359 1677 406 ἀσίας

205 425 346 472 quidem
377 424 481 459 etiam
510 434 551 458 ex
571 423 656 458 Ven.
674 424 714 457 A.
734 422 771 457 Β.
794 422 872 458 Par.
890 422 928 456 Β.
947 421 984 456 C.
1001 420 1098 456 F.11.
1115 421 1154 456 N.
1178 421 1384 456 adnotatum
1412 425 1478 455 est.
1520 420 1567 456 De
1589 420 1674 455 Ven.

911 473 927 498 h
1100 480 1114 498 c
1259 479 1274 498 a

204 513 242 548 B.
264 513 298 547 in
320 512 468 547 Bekkeri
490 511 665 558 excerptis
687 510 827 557 reperio
850 505 968 552 ἇσιάς
989 505 1204 556 κενουιιένα
1223 510 1316 557 3ᾶς,
1345 514 1384 544 ut
1413 508 1524 543 codex
1544 507 1676 542 habeie

204 568 363 603 videatur
382 567 455 615 γᾶς
474 561 593 609 ἆσίας
613 561 801 613 κειουμέι
804 578 840 601 α.
881 565 951 600 Et
944 577 978 600 111
1000 565 1094 612 Lips.
1117 565 1323 600 adnotatum
1343 575 1404 613 79.
1424 564 1509 612 γᾶς.
1545 563 1676 598 Deinde

203 623 307 670 vulgo
329 617 601 669 ἐκκενουμένα,
623 628 658 657 et
679 622 729 657 sic
745 621 790 656 M.
809 622 848 656 G.
868 621 947 656 edd.
971 626 1055 656 vett.
1078 616 1334 667 ἔκκενουμένη
1352 620 1419 654 Vit.
1441 619 1536 665 Lips.
1559 623 1595 654 et
1615 629 1678 652 su-

204 690 267 725 pra
297 678 468 725 scriptum
496 678 530 712 in
553 677 717 713 Cantahr.
740 678 776 713 2.
826 672 1041 723 κενουμένα
1060 676 1146 711 Ven.
1169 676 1206 710 B.
1255 671 1520 722 ἐκμαινομένα
1540 673 1678 709 adscri-

203 739 303 780 ptum
324 734 358 768 in
380 733 466 769 Ven.
489 733 526 768 B.
550 735 588 768 C.
627 745 690 782 γρ.
712 727 973 779 ἒκμαινομένη
996 731 1160 767 Cantahr.
1181 733 1214 767 1.
1234 732 1269 767 2.
1312 731 1446 777 Scripsi
1466 725 1551 779 γαῖ’
1567 725 1677 771 Ἀσὶς

205 784 505 836 ἑκκεκενωμένα.
545 789 589 823 Et
602 783 711 831 Ἀσὶς
732 788 872 835 quidem
895 788 999 822 etiam
1021 787 1272 822 Blomfleldius.

319 846 410 881 54.5
440 840 514 891 μὲν
532 840 610 893 γὰρ
631 844 722 879 libri.
762 840 840 893 γὰρ
875 848 973 878 recte
1007 842 1135 877 delevit
1170 842 1362 877 Poisonus.
1415 841 1473 875 Sic
1506 840 1610 875 etiam
1640 840 1673 874 in

204 900 377 947 particula
397 900 676 946 antistiophicns
697 910 819 934 veisus
842 909 932 944 cong,
924 898 1018 932 ruit.
1146 891 1292 945 ἢγαγεν
1312 897 1355 931 Μ.
1379 896 1507 943 aliique
1529 900 1564 930 et
1584 895 1673 930 Roh.

203 949 323 1004 ἦγα3ε
346 956 385 990 G.
407 956 473 990 Vit.
495 955 590 1001 Lips.
613 955 718 989 Turn
767 949 808 1002 ἔ3
811 965 878 1001 α3ε
900 953 976 988 Ald.
1026 946 1076 1001 ἄ3
1079 963 1192 1001 αγεν,
1224 958 1262 987 ut
1283 946 1434 1000 ἄ3αγον
1453 956 1507 986 est
1529 951 1561 985 in
1583 951 1676 986 anti-

205 1011 388 1057 strophico
409 1021 524 1051 versu,
548 1010 703 1045 restituit
724 1009 975 1044 Blonilieldius.
1090 1002 1218 1043 πόποΐ
1233 1008 1282 1043 sic
1304 1008 1399 1054 Lips.
1441 1009 1582 1043 τοττοῖ
1595 1006 1673 1041 Pau.

204 1066 244 1101 N.
362 1066 409 1101 De
432 1077 538 1100 sensu
561 1066 637 1100 vide
659 1064 705 1100 ad
722 1077 753 1099 v.
779 1066 870 1101 553.

319 1122 410 1157 546.
442 1114 646 1157 ἀπώλεσεν
675 1120 719 1155 Μ.
751 1120 838 1155 Roh.
895 1112 1073 1167 ἀπώλεσε
1096 1120 1135 1154 G.
1158 1118 1225 1153 Vit.
1256 1118 1351 1165 Lips.
1382 1118 1511 1164 aliique
1541 1122 1576 1152 et
1596 1117 1673 1152 Ald.

204 1177 310 1212 Turn.
426 1171 472 1212 τό
495 1180 563 1211 τῡῖ
579 1176 674 1223 LiPS.
716 1171 761 1211 τὸ
782 1176 851 1211 τοῖ
865 1174 940 1209 Ald.

314 1232 444 1267 Versus
468 1232 699 1268 547—558.
721 1231 756 1266 in
777 1231 822 1265 M.
840 1242 858 1265 a
881 1241 986 1264 manu
1007 1228 1175 1270 secunda,
1198 1239 1288 1275 quae
1309 1228 1443 1263 scholia
1465 1228 1618 1274 scripsit,
1641 1228 1675 1263 in

203 1288 360 1334 margine
382 1287 551 1334 adscripti
573 1293 666 1322 sunt.
707 1286 860 1321 Eosdem
880 1296 1002 1320 versus
1024 1285 1154 1319 omittit
1173 1284 1250 1319 Par.
1268 1283 1308 1319 N.

320 1344 410 1379 547.
443 1339 579 1377 gon-soe
615 1343 690 1377 sine
726 1347 877 1377 accentu
908 1341 947 1376 G.
1003 1336 1198 1375 ἐπέσπασε
1229 1338 1393 1374 Cantnbr.
1421 1341 1454 1375 1.
1482 1339 1560 1374 Par.
1577 1339 1614 1374 C.
1632 1338 1672 1374 N.

204 1398 300 1433 Idem
321 1398 355 1432 in
377 1398 521 1432 scholiis
543 1409 609 1444 per
629 1392 881 1432 ἐπεσπάσατο
904 1396 1109 1442 explicatur.

319 1454 410 1489 548.
440 1450 652 1501 βαρίὸεσσι
672 1448 852 1494 ποντίαις
872 1451 948 1486 Ald.
971 1451 1060 1486 Roh.
1082 1451 1188 1485 Tum.
1227 1446 1412 1499 βαρίδεσι
1432 1446 1613 1492 ποντίαις
1633 1450 1672 1485 G.

204 1503 701 1557 Ii1)s.Ve11.A.ssa9zideot
724 1504 903 1549 ποντίαις
924 1507 989 1541 vit
1037 1503 1206 1555 βαρίὸες
1226 1517 1265 1540 τε
1288 1517 1364 1540 πον
1368 1502 1444 1540 τιάι
1467 1505 1510 1540 Μ.
1551 1501 1674 1554 βαρί-

205 1561 271 1606 ὸες
290 1575 330 1599 τε
351 1558 506 1599 πόντιαι
527 1564 612 1598 Ven.
635 1563 673 1598 B.
694 1559 861 1612 βαρίὸες
880 1557 921 1597 θ
947 1557 989 1595 αἶ
1008 1556 1162 1596 πόντιαι
1184 1561 1430 1607 adscriptum
1424 1572 1457 1594 in
1479 1561 1556 1595 Par.
1579 1560 1616 1595 B.

319 1620 409 1655 549.
436 1621 526 1654 550.
550 1616 671 1654 τί.πτε
700 1630 761 1667 γρ.
782 1614 823 1653 τί
841 1629 947 1652 ποτε.
979 1616 1272 1662 θαυμαστικῶς
1292 1616 1461 1650 Faehsius
1483 1626 1523 1651 ex
1539 1616 1616 1650 Par.
1634 1615 1672 1650 Β.

204 1674 318 1709 allert.
360 1674 475 1709 Ceteri
496 1680 638 1720 praeter
659 1674 747 1708 Roh.
769 1670 811 1708 τί
826 1684 934 1708 ποτε.
973 1672 1104 1718 Recepi
1124 1668 1247 1736 τίπτε),
1270 1671 1364 1717 quod
1386 1671 1494 1705 habet
1514 1671 1674 1717 Aeschy-

203 1729 258 1763 lus
278 1731 400 1776 Agam.
423 1742 454 1764 v.
479 1731 570 1765 942.
687 1722 870 1764 οὐτίποτε
893 1725 1052 1777 ὸαοεῖος
1069 1723 1142 1774 μὲν
1161 1721 1241 1762 τότ’
1266 1720 1434 1774 ἐβλάβη.
1465 1723 1563 1774 ἐπῆν
1582 1726 1671 1761 Roh.

202 1802 244 1842 τί
269 1817 362 1842 ποτε
394 1803 553 1869 ὁαρεῖος
581 1801 655 1852 μὲν
681 1801 731 1841 σύ
762 1800 841 1842 τότ’
864 1781 1044 1852 ἒβλάβας
1072 1800 1169 1852 ἐπῆν
1187 1804 1282 1851 LipS.
1333 1799 1376 1839 τί
1396 1814 1492 1839 ποτε
1514 1799 1674 1853 ὃαρεῖος

202 1854 309 1898 οὕτω
329 1855 409 1898 τότ’
431 1857 656 1909 ἀβλαβὴς
639 1874 735 1909 emp!
757 1862 822 1897 Vit.
929 1853 1033 1896 οὕτω
1055 1871 1126 1895 non
1147 1865 1245 1895 recte
1266 1860 1300 1894 in
1322 1852 1434 1894 οὔπω
1454 1864 1592 1894 mutare
1608 1871 1672 1894 vo-

201 1917 266 1952 luit
286 1917 468 1952 Heathius.
518 1917 651 1952 Sensus
681 1922 736 1952 est
765 1929 828 1953 cur
855 1918 942 1954 olim
967 1918 1103 1952 Danas
1130 1917 1182 1952 sic
1209 1917 1288 1952 sine
1309 1917 1442 1952 damno
1465 1917 1596 1952 civium
1618 1927 1672 1951 re-

202 1974 342 2018 ynavit,
364 1984 478 2018 neque
500 1973 591 2007 idem
612 1973 699 2018 fecit
720 1973 871 2007 Xeroees.
1521 1989 1560 2016 ης

317 2027 408 2061 551.
440 2021 636 2074 τόξαρχος
650 2026 694 2060 Μ.
713 2026 751 2061 G.
772 2026 836 2060 Vit.
856 2026 940 2060 Vcn.
956 2027 996 2060 A.
1019 2025 1095 2060 Ald.
1117 2024 1206 2059 Roh.
1224 2023 1331 2059 Turn.
1365 2019 1562 2074 τόξαρχος
1575 2024 1670 2071 Lips.

202 2075 401 2129 τοξάρχης
420 2081 498 2115 Par.
520 2082 560 2115 A.
583 2081 620 2115 B.
735 2076 927 2128 πολήταις
958 2080 1002 2115 Μ.
1050 2076 1232 2121 πολίταις
1260 2079 1299 2114 G.
1321 2079 1389 2114 Vit.
1411 2079 1506 2125 LiPS.
1528 2079 1615 2114 Ven.
1630 2081 1669 2115 A.

203 2135 368 2171 Cantahr.
392 2137 423 2171 1.
444 2136 479 2172 2.
502 2135 579 2171 Ald.
606 2134 695 2171 Roh.
717 2136 822 2170 Turn.
870 2130 1077 2183 πολιήταις
1097 2134 1177 2170 inde
1199 2146 1219 2169 a
1239 2134 1384 2169 Victorii
1415 2134 1569 2170 editione
1605 2135 1672 2170 oh-

203 2191 318 2226 tinuit.

316 2247 407 2282 552.
437 2242 642 2289 σουσίὸἐς,
674 2246 715 2281 ad
738 2257 754 2280 ε
776 2257 882 2293 supra
904 2246 1036 2292 scripto
1060 2256 1098 2290 0,
1121 2245 1165 2280 M.
1215 2241 1423 2287 σουσίδαις
1442 2245 1528 2280 Ven.
1545 2246 1584 2280 A.
1607 2245 1668 2280 Ox.

201 2301 277 2336 Ald.
300 2302 405 2336 Turn.
443 2307 478 2337 et
511 2302 734 2337 scholiastes,
790 2297 975 2337 σουσίὸἀι
1004 2301 1278 2336 Lambethanus.
1333 2300 1448 2335 Ceteri
1469 2297 1670 2344 σουσίὸός.

202 2357 366 2392 Restituit
387 2353 606 2399 Σουσιὸαις
626 2357 878 2392 Blonifieldius.

315 2414 405 2449 553.
431 2413 521 2448 554.
552 2408 693 2456 πεζούς
712 2424 752 2448 τε
773 2407 848 2462 7129
871 2408 935 2446 καὶ
956 2409 1041 2446 θα)
1045 2407 1210 2454 ασσίους
1230 2406 1315 2447 ald
1341 2405 1399 2457 (αἶ
1420 2405 1461 2446 δ’
1485 2412 1547 2457 Μ.)
1568 2406 1669 2459 ὁμό-

201 2479 333 2516 πτεροι
364 2479 410 2502 κι
415 2462 609 2510 αιιόπιὸες
638 2468 682 2502 M.
706 2468 744 2503 G.
768 2468 834 2502 Vit.
857 2468 951 2513 lips.
979 2466 1067 2501 Roh.
1091 2467 1196 2502 Tuin.
1238 2461 1314 2516 7129
1336 2467 1503 2502 omittunt
1525 2467 1609 2502 Ven.
1628 2468 1667 2502 A.

200 2522 277 2556 A.ld
331 2534 371 2557 τε
401 2523 530 2558 omittit
558 2523 643 2557 V.en
662 2523 699 2557 B.
730 2524 789 2569 qui
822 2523 946 2557 deinde
978 2534 1017 2556 αι
1041 2517 1081 2556 ὸ
1106 2522 1224 2557 habet.
1275 2534 1340 2556 και
1370 2522 1499 2557 omittit
1528 2523 1604 2557 Par.
1627 2522 1666 2556 N.

202 2571 287 2610 αι”ὸ
309 2577 362 2611 vel
385 2590 422 2611 αι
447 2573 487 2611 δ’
512 2578 744 2613 omittendum
776 2589 854 2613 esse
877 2577 1072 2612 Brunckius
1103 2583 1138 2612 et
1160 2578 1338 2613 Pers-onus
1360 2578 1531 2612 viderunt.
1573 2577 1668 2611 Reli—

203 2642 283 2677 qua,
306 2637 345 2667 ut
365 2643 444 2667 euni
467 2633 613 2679 stropha
635 2638 887 2680 congruenent,
910 2633 957 2667 ita
980 2632 1118 2679 scripsi,

403 2682 543 2731 πεζούς
563 2682 595 2723 τ’
618 2682 691 2736 ἠδὲ
712 2685 775 2724 καὶ
800 2683 1053 2730 θαλασσίους
