1878 3115
220 205 298 245 148
772 207 1116 241 ADNOTA'HONES

212 327 293 352 yera
314 314 441 349 mentis
462 324 532 348 non
558 317 759 358 compotem
781 310 937 345 futurum
960 310 1151 345 credentis.
1191 309 1337 345 Accedit
1359 309 1453 355 quod
1475 309 1524 344 sic
1546 308 1693 356 perinu—

216 361 289 406 tile¹
304 370 578 405 additamentum
609 371 663 401 est
692 363 734 401 τί
751 365 862 416 χαλᾷ
881 367 1058 412 μαιίιῦνς
1089 365 1328 401 Blomfieldius
1349 365 1383 399 in
1404 365 1517 411 prima
1538 365 1692 400 editione

213 426 359 473 propius
381 436 399 458 a
421 435 502 458 vero
525 422 655 462 abfuit,
679 433 787 467 quum
810 421 983 456 scriberet
1004 417 1038 455 εἴ
1056 415 1088 469 7²
1113 415 1207 456 οὐδὲ
1227 416 1325 467 τύχη
1348 432 1382 455 τι
1399 419 1508 471 χαλᾷ
1527 421 1693 466 μανιῶν,

214 481 453 526 reprehensus
474 478 516 512 ab
540 477 705 512 Elmsleio
728 477 772 511 ob
795 477 977 511 soloecum
1000 473 1034 510 εἶ
1055 472 1114 510 οὐ.
1148 476 1401 522 Perantiquum
1424 486 1503 510 esse
1517 476 1636 510 vitium
1654 486 1694 510 ex

214 535 484 571 scholiastarum
507 532 794 567 adnotationibus
817 532 1034 578 intelligitur,
1054 531 1112 578 qui
1128 532 1182 566 vel
1199 528 1232 566 εἰ
1253 526 1346 566 τάδ’
1367 525 1495 577 ἀτυχῆ
1516 531 1569 565 vel
1591 527 1624 565 εἴ
1645 525 1695 565 τὰ

213 585 329 625 τοῦδ’
354 584 482 636 ἀτυχῆ
511 589 687 634 legerunt.
745 588 867 622 Ortum
897 588 929 622 id
962 592 1016 622 est
1045 599 1086 622 ex
1108 598 1149 621 eo
1165 614 1173 628 ,
1205 586 1298 633 quod
1322 597 1429 632 quum
1451 597 1516 632 per
1537 596 1693 621 errorem

212 646 313 693 τνχῆ
335 645 506 690 scriptum
528 644 664 683 suisset,
688 654 794 689 supra
816 643 1033 689 adscriptum
1055 637 1096 677 εὖ
1119 654 1202 682 11011,
1227 642 1276 677 1111
1298 641 1461 682 debebat,
1485 653 1550 687 pro
1573 652 1695 676 emen-

215 701 356 735 datione
377 700 510 746 primae
532 699 624 734 illius
647 698 807 733 vocabuli
829 698 1004 745 syllabae,
1027 698 1091 733 sed
1115 709 1180 745 pro
1203 698 1333 733 omissa
1354 696 1486 743 syllaba
1508 701 1694 743 acceptum

215 761 282 791 est.
330 755 526 790 Emendato
556 755 664 801 igitur
692 754 750 789 illo
780 766 826 789 τυ
856 759 1016 789 remanet
1036 754 1179 800 antiqua
1202 754 1376 800 scriptura
1398 748 1621 800 ἦτουὸευχῆ
1641 752 1694 787 ν61

214 807 456 857 εἷτουδευχῆ,
480 822 568 856 quae
590 810 768 845 lenissima
789 809 984 844 mutatione
1006 809 1098 844 saeta
1120 809 1268 855 praebet

415 862 456 901 τί
473 861 549 913 γὰρ
571 862 734 899 ἐλλείπει
755 861 808 911 μὴ
832 861 1086 912 παραπαίειν,

417 916 500 968 εἴγ’
527 915 616 955 οὐδ’
643 916 738 968 εὐχῇ
758 932 794 955 τι
811 919 920 971 χαλᾷ
939 921 1117 966 μανιῶν,-

214 978 304 1024 qaid
333 976 427 1011 enim
455 977 551 1011 deest
581 978 629 1011 ad
659 976 866 1016 insanium,
897 977 929 1011 sa·
950 988 994 1010 ne
1013 981 1096 1011 τοιο
1118 976 1262 1022 quidem
1283 975 1484 1021 quidquam
1505 975 1548 1009 de
1566 974 1697 1021 surore

214 1044 277 1067 suo
298 1034 473 1067 remittit?
496 1031 517 1065 i.
542 1042 572 1065 e.
596 1031 623 1065 si
647 1042 688 1065 eo
710 1030 838 1065 suroris
860 1030 1099 1077 progreditur,
1121 1036 1160 1064 ut
1182 1030 1286 1065 etiam
1310 1034 1409 1076 optet
1430 1029 1486 1064 illa
1508 1029 1583 1063 lieri
1606 1040 1694 1074 quae

214 1087 366 1121 minatus
390 1092 444 1121 est
464 1084 647 1132 luppiter?
686 1086 724 1120 Id
745 1081 786 1120 εἷ’
805 1082 837 1133 γ’
863 1081 959 1120 οὐδέ
977 1086 1043 1121 diei
1066 1085 1206 1125 debuit,
1235 1096 1307 1119 non
1330 1085 1445 1131 potuit
1467 1079 1560 1132 εἴγε
1578 1079 1695 1131 μηδέ.

213 1142 299 1176 Nam
321 1138 354 1175 εἰ
371 1137 427 1188 μή
451 1146 505 1176 est
525 1144 618 1178 nisi:
641 1141 700 1175 ubi
721 1147 838 1175 autem
860 1141 990 1187 aliquid
1013 1141 1173 1181 sumitur,
1198 1141 1293 1186 quod
1315 1151 1352 1175 re
1382 1151 1462 1174 vera
1484 1145 1544 1174 aut
1565 1150 1635 1174 non
1658 1139 1695 1173 fit

214 1202 274 1231 aut
302 1208 373 1231 non
403 1196 534 1231 sactum
557 1202 611 1231 est
632 1201 691 1231 aut
713 1208 783 1230 non
806 1202 860 1231 est
881 1196 1057 1237 futurum,
1089 1191 1134 1230 οὐ
1157 1196 1318 1241 sequitur
1340 1195 1548 1241 particulam
1571 1194 1696 1230 eondi-

213 1252 392 1292 tionalem,
417 1252 497 1297 quia
519 1252 610 1286 idem
633 1252 851 1297 significatur
872 1251 967 1297 quod
988 1252 1054 1292 liis,
1073 1247 1152 1286 ἐπεὶ
1175 1246 1233 1286 οὗ.
1274 1251 1451 1297 Exempla,
1476 1250 1538 1285 sed
1558 1250 1695 1285 ratione

213 1308 263 1342 rei
295 1318 366 1341 non
395 1313 604 1353 perspecta,
636 1307 753 1342 attulit
775 1307 970 1341 Creuzerus
1001 1307 1035 1341 in
1064 1307 1180 1341 Melet.
1211 1312 1312 1353 parte
1333 1307 1391 1341 Ill.
1421 1318 1455 1352 p.
1481 1307 1544 1342 21.
1586 1305 1695 1351 Magis

212 1362 393 1409 perspexit
414 1362 579 1397 Matthiae
602 1362 635 1397 in
657 1374 804 1408 gramm.
829 1363 886 1397 Gr.
910 1364 945 1407 ᾗ.
970 1363 1060 1403 608,
1082 1364 1116 1404 5,
1139 1362 1173 1397 11.
1196 1374 1231 1408 p.
1256 1363 1372 1398 1440.
1413 1361 1511 1396 Adde
1532 1361 1693 1408 Xenoph.

213 1417 324 1453 Anah.
347 1418 373 1452 l.
399 1421 432 1457 7,
463 1419 522 1454 18.
551 1418 602 1452 Vl.
628 1419 662 1458 6,
691 1419 752 1453 16.

331 1474 447 1509 1062.
480 1473 568 1508 111116
590 1473 705 1507 versui
726 1473 889 1507 Mercurii
910 1484 1039 1507 nomen
1061 1478 1245 1519 apponunt
1266 1472 1359 1518 Lips.
1383 1471 1471 1507 Rob.

323 1522 437 1574 ὑμεῖς
456 1538 496 1575 γε
518 1541 556 1562 π.
580 1529 624 1563 M.
656 1528 694 1563 G.
724 1528 819 1574 Lips.
843 1528 1024 1574 ceterique
1044 1528 1205 1574 plerique
1228 1532 1263 1563 et
1284 1528 1360 1562 Ald.
1384 1527 1473 1562 Rob.
1514 1521 1628 1574 ὑμεῖς
1648 1522 1692 1561 δὲ

213 1596 254 1618 π.
274 1583 342 1618 Vit.
387 1578 500 1629 ὑμεῖς
520 1578 551 1631 γ’
577 1578 617 1618 αἶ
637 1596 677 1617 π.
698 1584 853 1618 restituit
874 1583 1070 1618 Turnebus.

331 1640 447 1675 1064.
480 1639 517 1673 111
538 1639 624 1673 Veii.
650 1640 684 1675 3.
717 1649 750 1672 οι
783 1638 825 1673 ad
846 1649 922 1673 που
944 1639 1226 1685 superscriptum
1249 1644 1314 1673 est.
1356 1648 1421 1672 ποι
1443 1637 1572 1672 Iacobo
1595 1637 1692 1672 Tatio

214 1693 417 1740 obsequens
439 1694 582 1740 scripsit
602 1693 853 1729 Blomfieldius.

330 1750 446 1786 1065.
476 1744 571 1795 ὑμῖν
590 1749 658 1784 Vn.

328 1805 445 1840 1066.
475 1800 624 1852 μήκυμ3
650 1804 716 1839 Vit.

330 1861 446 1896 1067.
481 1855 565 1894 ἀλλ’
589 1853 650 1895 ὅτι
672 1871 690 1895 a
711 1871 765 1906 pr.
787 1870 893 1894 manu
914 1859 1080 1895 habuisse
1101 1860 1238 1895 videtur
1258 1860 1302 1894 M.

324 1914 577 1963 παραμυθοῦ
596 1927 665 1961 μοι
683 1915 721 1950 G.
740 1915 850 1950 Mose.
869 1916 904 1951 2.
946 1909 1043 1949 ἄλλο
1066 1928 1100 1951 τι
1122 1914 1374 1964 παραμυθοῦ
1395 1911 1458 1949 καὶ
1481 1909 1602 1965 φώνει
1622 1926 1691 1962 μοι

214 1968 311 2003 Bess.
354 1963 491 2005 ἄλλοτι
513 1967 577 2003 καὶ
599 1968 850 2018 παραμυθοῦ
870 1970 947 2004 Ald.

331 2026 447 2061 1071.
479 2020 587 2059 θέλω
609 2025 674 2059 Vit.
698 2025 775 2059 Par.
799 2024 837 2059 E.

331 2081 447 2115 1072.
480 2075 573 2121 τοὺς
599 2075 802 2127 προδότας
828 2075 904 2127 γὰρ
934 2078 1025 2113 libri.
1081 2078 1319 2114 Blomfieldius
1349 2079 1513 2114 Bothium
1545 2085 1690 2115 secutus

212 2129 307 2175 τοὺς
327 2130 402 2183 γὰρ
424 2130 626 2183 προδότας
647 2135 808 2181 scripsit,
834 2134 929 2180 quod
950 2145 1020 2168 non
1041 2134 1131 2169 male
1154 2135 1284 2169 sactum
1306 2135 1469 2170 iudicavit
1489 2135 1688 2170 Elmsleius.

213 2189 257 2223 Vt
276 2189 311 2224 id
332 2190 375 2225 ad
396 2201 563 2225 numeros
585 2190 723 2224 suavius
746 2190 808 2230 sit,
832 2190 875 2224 ad
897 2190 1107 2224 sententiam
1129 2190 1248 2236 potior
1268 2195 1322 2224 est
1342 2190 1512 2225 librorum
1535 2191 1691 2237 seriptu-

212 2255 262 2284 ra,
286 2245 495 2291 praesertim
518 2245 546 2280 si
567 2246 654 2280 haee
677 2246 723 2280 ita
745 2245 838 2280 dicta
859 2250 952 2285 sunt,
976 2250 1013 2279 ut
1033 2256 1103 2279 non
1126 2250 1261 2280 tantum
1282 2246 1325 2280 ad
1340 2246 1603 2287 Prometheum,
1627 2246 1689 2280 sed

213 2299 319 2334 etiam
351 2300 393 2335 ad
416 2301 589 2346 quendam
613 2312 654 2335 eo
678 2306 837 2347 tempore
858 2300 1069 2346 proditionis
1091 2306 1297 2347 suspectum
1317 2301 1531 2336 reseruntur.
1573 2300 1690 2336 Scho—

212 2354 335 2390 liastae
364 2356 407 2390 ad
434 2368 465 2391 v.
495 2358 609 2392 1070.
641 2356 853 2402 lpliicratem
883 2355 1083 2401 quempiam
1117 2356 1247 2402 respici
1274 2356 1413 2397 volunt,
1451 2357 1509 2403 qui
1538 2357 1688 2403 pecunia

213 2416 403 2456 corruptus
426 2412 617 2446 exereitum
638 2412 732 2446 hosti
753 2411 959 2458 prodiderit.
996 2411 1044 2445 De
1067 2422 1109 2446 eo
1132 2412 1307 2458 Iphicrate
1328 2412 1414 2446 nihil
1431 2417 1589 2447 constat:
1613 2412 1688 2447 cla-

213 2475 290 2502 rum
313 2466 403 2501 enim
424 2466 521 2501 illum
542 2467 767 2513 Iphieratem,
786 2467 845 2512 qui
865 2478 922 2501 res
945 2466 986 2501 ah
1005 2466 1209 2512 Olympiade
1230 2467 1342 2502 XCVI.
1360 2468 1482 2513 gessit,
1503 2478 1572 2513 quo
1597 2473 1688 2502 tem—

213 2530 301 2564 pore
328 2521 463 2565 pridem
492 2528 652 2557 mortuus
682 2527 758 2557 erat
777 2521 993 2567 Aeschylus,
1026 2522 1173 2568 intelligi
1200 2533 1271 2557 non
1299 2534 1406 2568 posse
1437 2527 1598 2568 apertum
1620 2528 1685 2557 est.

214 2573 385 2620 Reisigio,
409 2582 447 2610 ut
469 2577 608 2622 quidem
632 2577 668 2611 C.
692 2577 730 2611 G.
754 2577 926 2622 Hauptius
947 2577 981 2611 111
1002 2578 1276 2623 Aesehylearum
1300 2578 1546 2623 quaestionum
1568 2577 1687 2623 speci-

213 2628 305 2664 mine
326 2630 438 2675 primo
456 2643 490 2676 p.
509 2633 517 2666 1
532 2633 594 2667 24.
612 2637 741 2673 narrat,
760 2632 952 2666 Pausaniae
967 2632 1133 2678 proditio,
1154 2644 1242 2679 quae
1259 2633 1452 2667 innotuerit
1463 2632 1514 2667 Ol.
1526 2631 1683 2667 LXXVII.

214 2684 251 2720 4.
275 2685 368 2730 tangi
390 2685 460 2720 visa
481 2691 547 2721 est.
588 2687 742 2727 Rectius,
767 2687 912 2733 opinor,
943 2687 1065 2734 populi
1087 2687 1129 2722 de
1151 2687 1387 2722 Themistocle
1406 2687 1459 2722 vel
1483 2686 1683 2733 opinionem
