1878 3115
204 191 257 230 24
761 191 1106 226 ADNOTATIONES

203 300 393 347 telligentis
422 298 642 346 pereundum
664 297 730 332 sibi
751 307 830 331 esse
851 307 916 342 per
936 295 1264 341 tergiversationem
1289 294 1396 340 regis.
1437 293 1595 329 Putanda
1617 298 1672 330 est

204 362 321 391 autem
344 355 410 389 dux
432 354 531 389 chori
552 353 595 387 ad
615 363 758 387 sorores
780 362 861 385 suas
884 361 1055 386 conversa
1075 349 1164 385 haec
1187 349 1304 384 dicere
1327 349 1378 384 sie
1394 354 1432 384 ut
1446 349 1572 396 scripsi
1588 360 1672 385 eor-

204 416 322 451 recta,
356 415 427 445 tum
456 414 571 443 autem
602 408 677 453 regi
706 406 925 453 respondere
954 403 1113 440 πολλῶν
1133 398 1307 440 ἄκουσον
1325 399 1486 454 τέρματ’
1511 400 1674 440 αἰδοίων

204 461 342 513 λόγων.
1044 504 1048 505 ⁷
1466 509 1469 511 d

316 520 408 555 438.
449 515 601 552 πολλᾶν
620 510 794 552 ἄκουσον
812 515 900 551 Roh.
941 514 1099 550 πολλῶν
1117 509 1150 550 τ’
1167 508 1341 550 ἄκουσον
1360 514 1437 549 Ald.
1461 526 1674 562 quamquam

206 575 244 610 G.
266 573 425 608 πολλῶν
446 566 619 607 ἇκοτσον
638 572 745 607 habet
765 577 805 606 ut
825 572 869 606 M.
920 569 1080 606 πολλῶν
1100 565 1139 604 δ’)
1166 564 1340 605 ἄκουσον
1359 570 1464 605 Turn.
1515 570 1676 605 Removit

205 641 327 664 rursus
348 628 557 675 particulam
578 627 766 662 Victorius.
808 623 935 675 τέρμα
954 621 986 661 τ’
1011 625 1098 661 Roh.

318 686 411 720 440.
460 679 584 726 ζῶνας
609 694 650 717 τε
678 683 721 717 Μ.
754 682 842 717 ΒοΙ).
898 676 1024 725 ζῶνάς
1052 693 1092 717 τε
1121 680 1199 716 Ald.
1250 680 1448 726 Hesychius
1479 675 1605 724 ζώνας
1632 691 1673 715 τε

205 735 413 784 συλλαβὰς
439 734 617 782 πέπλων,
654 732 741 773 ἀντὶ
770 738 842 773 τοῦ
873 729 935 779 αἶς
965 732 1162 784 ζώννιμαι
1184 732 1250 770 καὶ
1271 731 1364 778 τοὺς
1384 731 1557 778 πέπλους
1576 734 1674 771 συλ-

206 790 413 841 λαμβάνω.

318 851 411 885 441.
452 843 576 895 τύχαν
596 848 639 883 Μ.
663 848 702 883 G.
725 847 764 882 E.
812 843 914 898 τύχᾳ
941 847 978 882 Ρ.
1001 846 1090 881 Rob.
1141 841 1273 893 τύχειν
1299 846 1376 880 Ald.
1432 840 1532 894 τύχῃ
1566 846 1672 892 vulgo

207 904 286 939 inde
309 916 326 939 a
348 903 523 939 TurnebO.
573 904 770 950 γυναικῶν
797 914 933 937 omnes.
983 902 1149 937 Veterum
1178 901 1349 936 libroruin
1379 896 1503 948 τύχαν
1525 912 1565 936 ex
1585 895 1671 948 τάχ’

208 953 257 994 ἄν
285 965 402 994 ortum
432 970 511 994 esse
540 959 708 993 intellexit
730 957 1053 993 Marckschell'elius
1076 969 1111 1004 p.
1140 958 1228 993 171.
1280 956 1408 991 Verum
1430 968 1502 992 uon
1523 955 1676 992 debehat

206 1016 404 1062 γυναικῶν
424 1025 574 1053 servare,
598 1014 661 1048 sed
682 1013 838 1048 scribere
859 1008 1025 1061 γυναικί.

318 1066 427 1104 πέλοι
449 1070 492 1103 Μ.
516 1068 603 1103 ltob.
626 1074 662 1104 et
683 1080 723 1103 ex
745 1068 968 1103 correctione
991 1069 1029 1103 G.
1052 1068 1087 1102 in
1109 1078 1179 1113 quo
1200 1067 1300 1114 prius
1318 1062 1436 1102 πέλει.

319 1126 413 1160 442.
453 1122 569 1158 καλεῖ
582 1124 626 1158 M.
650 1124 689 1159 G.
712 1123 750 1158 Ε.
773 1124 860 1158 Rob.
901 1118 1001 1171 καλή
1022 1122 1218 1158 Turnebus.

495 1189 520 1213 σ
688 1174 804 1213 εύσον

320 1235 412 1269 443.
454 1231 565 1276 λεξον
584 1233 628 1267 M.
670 1229 782 1275 λέξον
802 1234 841 1268 G.

318 1287 509 1337 γηρυθεις
529 1288 573 1323 M.
614 1285 806 1337 γηρυθεὶς
827 1289 865 1323 G.
906 1283 1090 1337 γερυθεὶς
1109 1287 1186 1323 Ald.
1229 1287 1388 1322 Correxit
1409 1286 1606 1322 Turnebus.

319 1343 412 1378 Libri
433 1339 515 1392 ἔσῃ.

321 1400 414 1434 444.
454 1393 531 1434 ὑπὸ
553 1393 686 1445 στήσει
708 1398 752 1433 Μ.
793 1393 1008 1446 ὗποστήσει
1031 1398 1152 1433 ceteri.
1195 1397 1355 1432 Correxit
1374 1397 1611 1433 Wellaucrus.

322 1455 414 1489 445.
456 1449 651 1501 περαίνειν
670 1453 758 1488 Rob.

321 1510 414 1544 446.
457 1505 612 1551 πίναξιν
632 1508 675 1542 Μ.
700 1508 738 1543 G.
762 1508 850 1543 Rob.
891 1505 1240 1552 rzi‘valgt'Turnebus.

323 1565 415 1599 447.
456 1563 549 1597 Libri
572 1558 674 1597 ἀλλὰ
694 1564 778 1605 πῶς
799 1560 968 1612 ([ράσον.
1010 1564 1176 1598 Similiter
1198 1562 1339 1609 quidem
1360 1562 1445 1604 πῶς
1464 1557 1569 1598 τοῦτ’
1594 1556 1678 1598 ἵλε-

211 1615 281 1664 ξας
309 1619 343 1652 in
366 1618 480 1653 Persis
502 1630 531 1652 ν.
559 1620 648 1654 794.
673 1624 708 1653 et
729 1618 917 1664 Sophoclis
938 1620 1043 1654 Aiace
1065 1631 1094 1653 v.
1119 1620 1210 1655 270.
1253 1618 1321 1653 Sed
1346 1618 1441 1664 quod
1460 1618 1678 1653 Abrescliius

211 1673 374 1714 coniecit,
400 1668 484 1707 ἀλλ’
509 1668 645 1714 ἁπλῶς
665 1669 841 1722 ᾳράσον,
864 1675 988 1709 melius
1011 1674 1174 1709 convenit
1197 1685 1276 1708 cuni
1298 1685 1401 1708 versu
1423 1672 1482 1718 qui
1504 1674 1676 1720 sequitur.

213 1728 327 1771 Quare
349 1728 480 1774 recepi.
524 1728 712 1773 Comparat
732 1728 949 1763 Abrescliius
971 1730 1086 1763 Proui.
1113 1730 1204 1765 611.
1228 1724 1301 1763 οὐκ
1329 1724 1533 1774 ἐμπλέκων
1553 1725 1679 1776 αἰνίγ-

208 1778 318 1829 ματ’,
340 1778 424 1817 ἀλλ’
450 1778 564 1833 ἁπλῷ
585 1778 701 1833 λόγῳ.
740 1783 879 1819 Addere
899 1789 1041 1830 poterat
1057 1784 1216 1830 Clioepb.
1240 1784 1328 1819 112.
1352 1778 1488 1826 ἁπλῶς
1507 1795 1547 1819 τε
1570 1779 1679 1833 φρά-

212 1833 330 1882 ζ(η,’σ’,
354 1831 457 1880 ὅςτις
478 1834 769 1883 ἀνταποκτενεῖ,
785 1839 843 1873 ubi
859 1839 995 1874 videtur
1011 1834 1195 1874 ἁπλωστί
1206 1838 1431 1874 scribendum
1446 1839 1678 1886 addendaque

210 1892 322 1927 forma
344 1893 408 1927 ista
431 1894 583 1927 adverbii
605 1894 775 1928 similibus
797 1895 830 1928 iu
853 1894 981 1929 Sturzii
1004 1895 1134 1940 Opusc.
1158 1906 1191 1940 p.
1216 1895 1308 1931 255.

324 1948 416 1983 448.
460 1943 774 1990 ἀπαλλάξασθαι
798 1950 836 1983 G.
859 1961 924 1995 pro
947 1944 1222 1996 ἀπάγξασθαι.

324 2004 417 2038 449.
458 2002 550 2036 Libri
570 2004 811 2051 μακιστῆρα.
852 2004 890 2038 Ιη
918 2004 985 2038 ima
1015 2004 1141 2050 pagiua
1163 2004 1206 2039 M.
1230 2003 1447 2049 adscriptum
1469 2003 1577 2038 babet
1595 2015 1678 2050 μα-

213 2057 382 2105 κιστῆρα
404 2052 475 2092 ἰόν.
523 2058 562 2091 ld
589 2057 624 2091 in
646 2058 684 2092 G.
715 2058 830 2092 versui
853 2060 945 2095 469.
969 2070 1075 2104 supra
1104 2059 1320 2104 adscriptum
1356 2064 1422 2093 est.
1480 2059 1677 2105 Hesychius

211 2108 431 2159 μακίστηρ,
451 2108 579 2156 βέλος.
618 2108 805 2147 τάσσεται
837 2110 879 2148 δὲ
900 2111 963 2148 καὶ
987 2110 1045 2149 ἐπὶ
1066 2110 1253 2161 μεγάλου.
1293 2114 1454 2160 Longum
1476 2125 1677 2149 sermonem

213 2166 407 2212 Aeschylus
437 2167 518 2201 dixit
543 2169 773 2215 μακιστῆρα
799 2168 937 2214 μῦθον
966 2169 999 2203 iu
1022 2169 1137 2203 Persis
1158 2181 1189 2203 V.
1215 2170 1306 2204 699.
1361 2169 1464 2211 Quod
1486 2169 1674 2211 Stanleius,

214 2221 313 2255 cuius
335 2221 514 2256 adnotatio
537 2223 666 2257 omissa
687 2228 741 2257 est
762 2223 936 2258 inButleri
959 2224 1123 2264 editione,
1147 2224 1300 2270 scripsit,
1323 2224 1425 2258 malle
1448 2236 1485 2258 se
1505 2236 1677 2270 μαστικ-

212 2277 315 2323 τῆρα
336 2276 466 2322 legere,
485 2283 663 2323 sumptum
685 2283 739 2312 est
760 2278 802 2313 ab
815 2280 959 2313 Aurato.
990 2279 1119 2313 Eadem
1142 2290 1249 2325 opera
1272 2279 1397 2313 conjici
1419 2284 1559 2325 poterat
1580 2278 1678 2314 λακ-

212 2332 399 2379 τισῖῆρα,
422 2332 487 2366 nisi
509 2333 721 2367 scholiastae
743 2333 942 2374 adnotatio,
976 2328 1131 2380 ‘ijzovoa
1152 2329 1269 2381 λόγον
1290 2330 1458 2383 καρδίας
1479 2330 1676 2381 δηκτικόν,

214 2386 417 2421 ostenderet
439 2387 609 2432 scriptum
638 2387 746 2422 fuisse
769 2385 1026 2437 ὸάκνιστῐῘ-ρα.
1084 2390 1186 2432 Quod
1218 2390 1252 2424 in
1285 2390 1401 2424 Persis
1437 2395 1492 2425 est
1526 2402 1557 2425 v,
1583 2391 1675 2426 569.

213 2436 319 2474 στένε
342 2438 405 2474 καὶ
428 2438 646 2487 ὄακνάζου,
678 2455 750 2477 non
779 2444 961 2479 adhibeam
984 2449 1022 2478 ut
1044 2441 1301 2493 ὁάκναστῆρα
1324 2445 1532 2490 praeferam.
1575 2446 1674 2480 Tales

213 2494 346 2528 formae
381 2495 557 2541 finguntur
591 2509 610 2531 a
638 2498 752 2543 poetis
783 2500 899 2545 prouti
934 2499 1061 2546 cuique
1090 2500 1169 2535 loco
1192 2500 1480 2535 accommodatae
1502 2501 1675 2536 videntur.

215 2548 380 2583 Similiter
400 2550 531 2585 avicula
554 2553 724 2597 quaedam
747 2558 781 2588 et
803 2550 952 2595 ὄακνάς
974 2560 1008 2589 ct
1030 2551 1166 2596 ὸακνίς
1187 2555 1278 2590 dieta
1301 2561 1366 2589 cst.

324 2605 416 2640 451.
457 2602 521 2640 καὶ
541 2603 621 2654 μὴν
641 2604 727 2653 (μὲν
747 2608 800 2655 Ρ.)
822 2608 1002 2657 πολλαχῆ
1022 2621 1062 2657 γε
1085 2610 1128 2644 M.
1148 2611 1187 2645 G.
1202 2610 1242 2645 Ε.
1259 2610 1295 2646 Ρ.
1314 2609 1402 2646 Rob.
1444 2609 1577 2644 Delevit
1595 2605 1677 2657 μὴν

213 2658 408 2693 Turnebus.

1532 1501 1547 1510 a
