1878 3115
311 812 405 869 DE
447 810 844 869 Eanofflssvs
885 810 1067 869 lonis
1108 792 1586 868 AESCHYLE'AE.

205 1083 252 1118 De
274 1083 367 1118 lonis
390 1082 569 1117 erroribus
591 1081 690 1116 multi
711 1081 820 1116 multa
843 1081 1078 1128 disputarunt,
1102 1082 1157 1116 alii
1179 1081 1273 1117 aliud
1294 1086 1390 1116 recte
1413 1080 1682 1127 perspicientes,

204 1139 278 1179 sed,
303 1138 396 1185 quod
419 1138 545 1172 mirum
568 1143 633 1178 est,
657 1137 699 1171 de
722 1137 817 1171 salsis
839 1137 974 1173 facilius
996 1138 1254 1183 persuadentes
1273 1136 1435 1184 quamde
1453 1136 1555 1171 veris.
1594 1136 1683 1179 Quin

203 1194 262 1240 qui
292 1193 480 1228 novissime
503 1193 545 1227 de
568 1204 606 1227 ea
628 1203 666 1227 re
686 1193 864 1238 integrum
885 1192 1047 1227 volumen
1068 1193 1220 1239 primum
1243 1192 1488 1238 Geographiae
1508 1192 1684 1238 niythicae

201 1249 398 1284 incredibili
433 1248 612 1294 diligentia
643 1248 948 1294 comportatisque
978 1248 1091 1282 omnis
1122 1248 1195 1283 aevi
1226 1248 1440 1294 scriptorum
1474 1247 1683 1282 testimoniis

202 1304 433 1350 conscripsit,
473 1304 509 1338 C.
533 1304 574 1338 H.
598 1303 687 1338 Guil.
710 1303 925 1344 volt-kerus,
962 1315 1033 1338 non
1062 1304 1168 1338 modo
1199 1304 1311 1338 aliena
1333 1303 1440 1337 multa
1463 1308 1569 1349 atque
1589 1302 1684 1338 haud

201 1359 303 1395 facile
333 1359 548 1406 probabilia,
584 1359 647 1393 sed
668 1359 834 1393 nonnulla
858 1359 961 1393 etiam
984 1365 1106 1405 aperte
1129 1364 1242 1394 errata
1267 1359 1452 1404 verbisque
1474 1364 1602 1405 poetae
1624 1369 1684 1394 re-

201 1415 394 1461 pugnantia
423 1415 457 1449 in
486 1414 638 1449 medium
661 1414 788 1448 attulit.
830 1414 1025 1449 Nominavit
1046 1415 1103 1449 ille
1124 1427 1159 1461 p.
1185 1416 1220 1451 8.
1245 1426 1320 1461 seq.
1345 1419 1485 1451 eeteros
1507 1414 1564 1460 qui
1588 1425 1626 1449 se
1648 1414 1683 1449 in

203 1471 327 1505 eodem
350 1476 557 1516 argumento
581 1475 825 1510 exercuerunt,
856 1470 995 1504 omissis
1018 1475 1134 1505 tamen
1156 1471 1286 1505 Ioanne
1309 1470 1461 1516 Georgio
1483 1470 1680 1511 Walthero,

203 1526 262 1572 qui
282 1526 370 1560 haee
393 1526 507 1571 attigit
528 1525 562 1559 in
585 1525 833 1560 dissertatione
856 1525 898 1560 de
916 1525 1159 1566 Catabathmo,
1185 1538 1274 1572 quae
1297 1530 1352 1560 est
1372 1526 1406 1559 in
1424 1525 1498 1559 eius
1514 1525 1683 1560 Animad-

202 1580 421 1616 versionibus
450 1581 628 1615 historicis
658 1585 694 1615 et
721 1581 872 1621 criticis,
905 1581 1005 1615 editis
1027 1581 1303 1616 Weissenselsae
1333 1592 1363 1616 a.
1395 1582 1509 1617 1748.
1534 1586 1568 1615 et
1590 1581 1681 1618 Iler-

200 1648 328 1671 manno
351 1636 580 1682 Reinganum,
605 1636 704 1671 cuius
727 1636 916 1682 disputatio
939 1636 1069 1670 inserta
1092 1642 1146 1671 est
1167 1636 1275 1671 lahnii
1292 1635 1485 1670 Annalibus
1507 1647 1537 1671 a.
1563 1637 1678 1672 1828.

199 1692 267 1726 vol.
291 1692 331 1726 ll.
367 1692 500 1727 Eodem
522 1697 638 1726 autem
663 1697 821 1737 tempore
843 1691 928 1732 sere,
953 1702 1022 1738 quo
1047 1692 1250 1732 volcherus,
1275 1691 1441 1726 disseruit
1462 1691 1504 1726 de
1526 1691 1582 1726 illa
1603 1703 1679 1726 ma÷

203 1747 288 1782 teria
310 1747 349 1781 lt.
372 1747 414 1781 Il.
437 1747 648 1781 Issausenius
669 1747 703 1781 111
727 1747 836 1781 Musei
858 1747 1015 1781 Rhenani
1037 1747 1104 1782 vol.
1127 1748 1185 1782 ΙΙΙ.

313 1802 615 1845 Quemadmodum
637 1802 914 1848 uniuscuiusque
936 1802 987 1837 rei
1009 1808 1106 1837 recte
1128 1802 1285 1849 agendae
1308 1808 1404 1837 certa
1428 1802 1598 1848 quaedam
1621 1814 1680 1837 ra—

200 1857 247 1892 tio
278 1863 350 1898 est,
382 1858 431 1892 sie
461 1858 565 1892 etiam
587 1858 621 1892 111
642 1858 696 1892 bis
717 1863 902 1904 poetarum
926 1858 1095 1892 sabulosis
1117 1858 1277 1893 locorum
1301 1857 1598 1903 descriptionibus
1619 1869 1680 1893 re·-

199 1913 301 1958 gulae
325 1913 495 1959 quaedam
518 1913 757 1948 observandae
780 1919 873 1954 sunt,
897 1914 971 1948 sine
995 1913 1121 1959 quibus
1144 1925 1213 1948 non
1229 1919 1350 1960 potest
1366 1919 1463 1948 reete
1480 1913 1678 1959 procedere

199 1968 270 2002 veri
290 1969 524 2014 investigatio.
565 1970 613 2002 Ae
636 1968 748 2013 primo
770 1980 835 2014 per
855 1980 892 2003 se
914 1974 1023 2014 patet,
1048 1980 1187 2003 omnem
1205 1969 1401 2015 explicandi
1418 1973 1583 2003 conatum
1601 1969 1679 2003 inas-

198 2034 278 2057 110111
309 2035 387 2058 esse
402 2050 409 2064 ‚
443 2024 501 2069 qui
522 2034 592 2057 non
614 2022 656 2057 ab
678 2023 768 2058 iusta
791 2023 1083 2069 interpretatisme
1105 2024 1292 2058 verborum
1313 2023 1571 2070 proficiscatur.
1613 2025 1678 2059 At·-

200 2078 258 2124 qui
285 2078 354 2113 hoe
382 2079 415 2113 in
437 2090 567 2124 genere
589 2078 662 2112 sere
685 2078 838 2113 omnium
852 2106 859 2118 ,
892 2079 950 2126 qui
972 2079 1034 2113 lias
1057 2084 1091 2113 et
1113 2079 1244 2115 similes
1266 2090 1322 2115 res
1344 2079 1506 2124 expedire
1529 2079 1678 2114 studue-v

197 2139 291 2174 runt,
316 2139 448 2168 tantam
470 2133 767 2179 deprehendiimis
789 2134 842 2168 vel
863 2134 1039 2170 levitatem
1062 2134 1114 2170 vel
1136 2134 1345 2180 imperitiam
1361 2161 1368 2174 ,
1392 2139 1431 2171 ut
1452 2146 1522 2171 non
1544 2134 1588 2169 sit
1609 2135 1677 2169 mi·-

197 2200 295 2229 rum,
333 2189 361 2223 si
395 2189 468 2229 alii,
508 2189 565 2235 qui
596 2188 700 2223 verba
732 2189 945 2235 scriptorum
968 2194 1065 2224 recte
1088 2190 1286 2235 expendere
1309 2190 1442 2230 sciant,
1475 2196 1675 2225 commenta

197 2245 293 2279 nullo
316 2244 543 2279 fundamento
566 2245 642 2279 nixa
664 2244 816 2290 probare
839 2251 1028 2292 nequeant.
1071 2245 1202 2281 Deinde
1224 2245 1257 2279 111
1279 2245 1439 2280 1000111111
1457 2245 1676 2290 designatio—-

197 2299 299 2334 nibus
321 2300 405 2335 illud
427 2300 619 2335 curandum
642 2305 706 2340 est,
730 2312 773 2334 110
796 2300 848 2335 vel
870 2300 1041 2336 minorem
1065 2301 1116 2335 vel
1137 2301 1305 2336 maiorem
1329 2312 1432 2349 quam
1450 2300 1546 2335 credi
1562 2301 1676 2347 possit

197 2356 379 2390 scientiam
396 2356 462 2390 illis
480 2356 537 2401 qui
555 2356 809 2401 interpretandi
827 2360 908 2390 sunt
925 2356 1158 2402 scriptorilms
1176 2356 1382 2392 tribuamus,
1418 2356 1503 2390 Nam
1522 2367 1611 2405 quae
1627 2357 1674 2394 ita

197 2416 279 2445 sunt
303 2417 525 2457 comparata,
549 2417 587 2446 ut
608 2411 744 2445 ridiculi
766 2411 915 2446 fuissent
937 2411 1142 2457 aequalibus
1165 2412 1257 2453 suis,
1281 2412 1309 2446 si
1332 2412 1563 2446 nescivissent
1584 2423 1674 2459 quae

198 2477 320 2500 omnes
337 2466 507 2506 sciebant,
521 2478 559 2501 ea
575 2467 720 2501 stultum
743 2472 797 2501 est
818 2467 858 2501 iis
879 2467 1065 2513 imputare.
1102 2468 1232 2502 Contra
1253 2479 1347 2507 vero,
1366 2467 1400 2501 in
1417 2478 1520 2513 quam
1537 2472 1674 2513 partem

196 2521 306 2554 multo
324 2522 463 2567 saepius
480 2527 660 2568 peccatur,
675 2522 876 2556 cautissime
896 2533 935 2557 ea
953 2534 1042 2568 quae
1060 2523 1167 2557 relata
1186 2522 1334 2568 legimus
1347 2522 1391 2557 ad
1400 2533 1501 2557 veros
1513 2522 1672 2557 locorum

197 2575 296 2615 situs,
315 2582 374 2610 aut
390 2577 432 2614 ad
446 2588 519 2618 eos,
537 2589 626 2623 quos
643 2578 781 2612 illorum
799 2578 1012 2623 scriptorum
1030 2589 1114 2613 aevo
1131 2577 1357 2624 probaverint
1373 2578 1579 2624 geographi,
1599 2578 1673 2612 exi*

197 2630 309 2675 genda
328 2638 406 2667 sunt
423 2632 662 2667 etiudicamla.
685 2633 770 2668 Nam
782 2633 834 2667 vix
845 2633 904 2679 qui
916 2633 1144 2679 ipsialiquam
1155 2633 1336 2679 regionem
1348 2632 1509 2668 adierunt
1522 2632 1669 2667 eandem

197 2697 318 2721 omnes
342 2687 415 2721 eius
436 2687 621 2734 imaginem
643 2688 766 2723 animis
787 2688 994 2735 impressam
1017 2689 1160 2730 liabent,
1178 2688 1307 2725 nedum
1326 2688 1373 2724 illi
1390 2688 1448 2734 qui
1466 2699 1505 2723 ex
1522 2687 1669 2724 aliorum
