1878 3115
241 209 317 249 132
811 209 1153 245 ADNOTATIONES

240 315 314 362 ἕξει
343 312 440 360 θεός
460 316 502 352 de
524 316 693 362 virginum
715 314 846 350 dictum
869 325 948 349 esse
971 313 1206 361 corporibuS,
1239 323 1389 359 quorum
1410 312 1517 360 potiri
1537 323 1608 348 non
1630 323 1715 360 per-

239 375 412 409 missurus
434 373 478 407 sit
499 372 585 407 deus
606 371 756 417 Aegypti
776 370 873 405 filiis:
896 380 962 405 nec
984 370 1099 404 minus
1121 373 1256 404 certum
1279 373 1334 403 est
1353 365 1565 416 Πελασγία
1586 365 1629 404 δὲ
1651 363 1716 403 δέ-

240 428 346 473 ξεται
367 429 410 463 ad
426 427 596 462 Danaides
617 426 758 461 referri:
782 425 974 461 absurdum
996 431 1051 460 est
1067 425 1159 460 enim
1177 425 1219 459 de
1237 424 1448 471 corporibus
1460 423 1716 471 Aegyptiadum

241 484 394 530 receptis
417 482 637 529 sepultisque
659 482 830 528 cogitare,
853 492 920 516 nec
943 481 1134 527 quidquam
1155 480 1356 527 perversius
1379 491 1484 526 quam
1505 475 1716 526 δαμέντας,

240 539 372 574 Pauwii
392 538 583 578 inventum,
607 542 667 572 aut
688 533 865 583 δαμέντα
886 537 1005 571 inferri
1026 537 1154 583 potuit.
1192 535 1262 570 Sed
1284 531 1489 582 δαμέντων
1509 535 1538 569 si
1561 540 1633 569 tum
1655 534 1719 569 ad-

241 595 351 629 ditum
373 600 428 629 est
447 593 599 640 genitivo
622 592 797 633 absoluto,
821 592 1040 638 perobscura
1063 597 1117 626 est
1136 592 1203 626 ista
1218 591 1370 626 brevitas
1388 590 1570 631 orationis,
1589 589 1719 625 omissa

239 655 390 695 utraque
413 653 448 684 et
467 649 639 695 virginum
661 653 696 683 et
717 659 931 694 sponsorum
952 647 1205 682 nominatione.
1249 646 1326 689 Quo
1349 646 1500 681 efficitur
1520 650 1559 680 ut
1579 645 1630 680 vix
1653 645 1720 680 du-

240 705 343 740 bitari
363 704 478 751 possit
499 704 582 750 quin
604 703 735 749 aliquid
756 703 924 738 exciderit
944 709 1025 737 ante
1047 697 1296 751 θηλυκτόνῳ.
1333 701 1507 736 Credibile
1525 706 1579 735 est
1595 700 1721 735 huius-

240 760 335 795 modi
366 760 448 806 quid
470 759 601 794 dictum
623 758 750 799 fuisse,
774 754 985 806 Πελασγία
1007 754 1049 793 δὲ
1071 754 1222 800 δέξεται
1245 753 1314 793 τὸν
1334 753 1467 804 ἐγγενῆ
1487 751 1631 792 στόλον
1649 767 1720 803 yv-

241 816 399 859 ναικῶν,
421 811 605 864 νυμφίων
625 809 861 864 θηλυκτόνιιι)
873 808 979 862 Ἄρει
994 809 1201 859 δαμέντων
1217 807 1545 862 νυκτιφρουρήτῳ
1562 807 1720 861 θράσει.

243 871 398 906 Similem
428 870 462 904 in
489 870 614 905 mediis
642 869 803 904 versibus
835 869 1064 904 omissionem
1094 879 1200 915 supra
1222 868 1266 903 ad
1285 880 1316 903 V.
1342 869 1432 904 753.
1457 878 1497 902 ex
1521 867 1584 901 vit.
1609 867 1722 902 adno-

242 927 404 962 tavimus.

356 982 448 1018 867.
480 975 518 1022 ἐς
548 973 722 1028 ἐχθρω-ς
750 979 794 1013 Μ.
826 978 871 1021 (si
900 984 998 1014 recte
1029 989 1069 1013 ex
1099 978 1142 1013 M.
1174 978 1395 1024 adnotatum)
1425 978 1492 1012 Vit.
1528 977 1656 1023 aliique
1687 982 1722 1011 et

243 1036 331 1072 Rob.
374 1031 428 1071 ἐπ’
454 1031 627 1084 ἐχθροὺς
648 1035 687 1069 G.
710 1035 804 1081 LiPS.
827 1034 904 1069 Md.
926 1034 1032 1069 Turn.
1055 1034 1345 1080 adscriptumque
1367 1034 1401 1068 in
1422 1034 1500 1068 Par.
1523 1033 1560 1067 B.
1603 1032 1723 1067 Blom-

242 1092 379 1127 fieldius
402 1102 510 1137 quum
531 1090 771 1136 praelaturum
790 1090 940 1124 sortasse
963 1090 1115 1135 aliquem
1137 1086 1175 1131 ἐς
1188 1090 1332 1135 putavit,
1353 1089 1432 1136 quia
1449 1088 1574 1123 melius
1592 1088 1722 1122 intrare

243 1159 342 1182 amor
372 1157 477 1193 quam
507 1150 630 1180 contra
660 1145 711 1180 irc
743 1145 941 1185 diceretur,
974 1156 1045 1180 non
1067 1144 1234 1190 cogitavit
1255 1145 1289 1179 id
1310 1145 1367 1179 hic
1388 1155 1459 1179 non
1482 1154 1561 1178 esse
1583 1143 1721 1183 melius,

243 1203 302 1237 ubi
333 1202 417 1236 illud
446 1201 562 1248 ipsun]
593 1205 717 1235 contra
738 1200 788 1235 ire
810 1200 1014 1235 necessario
1037 1205 1091 1234 cst
1112 1200 1398 1246 intelligendum:
1432 1199 1473 1234 de
1497 1210 1566 1245 quo
1590 1198 1725 1245 signifi-

244 1263 325 1292 catu
357 1252 422 1292 ε’πί
447 1256 721 1303 praepositionis
751 1256 869 1290 citavit
889 1255 1156 1290 Valckenariuin
1186 1255 1229 1289 ad
1258 1255 1392 1289 Phoen.
1418 1256 1481 1291 79.
1522 1251 1595 1296 Εἲς
1616 1265 1723 1300 quum

243 1324 307 1360 pro
331 1308 396 1348 ἐπί
414 1312 481 1347 dici
501 1316 657 1358 putatur,
677 1316 715 1345 ut
737 1311 771 1345 in
793 1311 967 1357 Euripidis
980 1311 1037 1345 Or.
1055 1312 1171 1346 1010.
1195 1306 1245 1345 τὰ
1265 1306 1501 1346 πανύστατα
1523 1305 1563 1344 δ’
1588 1306 1643 1351 εἷς
1656 1305 1724 1356 ἐμὲ

244 1365 307 1403 καὶ
330 1362 490 1415 γενέταν
510 1362 604 1413 ἐμὸν
623 1360 773 1413 ἤλυθε,
795 1366 844 1400 vis
866 1366 1139 1412 praepositionis
1161 1371 1216 1400 est
1238 1377 1297 1407 ea,
1329 1371 1367 1400 ut
1388 1365 1571 1412 pervenire
1593 1365 1723 1411 aliquid

244 1424 381 1470 aliquo,
412 1433 483 1457 non
511 1427 551 1456 ut
579 1421 725 1456 tendere
747 1422 791 1456 ad
812 1421 1106 1468 perveniendum,
1138 1421 1233 1467 quod
1256 1427 1310 1456 est
1331 1421 1365 1456 in
1387 1417 1468 1465 ἐπί,
1491 1420 1721 1467 significetur.

243 1479 307 1513 llic
330 1478 396 1513 etsi
416 1477 586 1512 utrumvis
609 1477 675 1511 diri
697 1477 823 1523 potuit,
847 1477 962 1523 aptius
985 1482 1101 1511 tamen
1124 1477 1261 1511 videnu-
1281 1473 1362 1522 ε’πί,
1384 1476 1593 1524 praesertim
1616 1487 1723 1523 quum

244 1534 287 1569 dc
310 1532 486 1569 connubio
509 1532 591 1567 olim
612 1532 682 1567 Iovi
703 1532 905 1578 periculoso
928 1533 972 1567 sit
994 1532 1251 1579 accipiendum.

359 1589 451 1625 868.
479 1584 620 1637 ἵμερον
640 1588 736 1634 Lips.

358 1644 450 1680 869.
482 1637 871 1690 ἀπαμβλυνθήσεται
893 1642 971 1677 Par.
990 1642 1028 1677 D.
1047 1643 1085 1677 E.
1108 1642 1185 1677 Ald.
1208 1642 1313 1677 Turn.
1356 1636 1723 1689 ἆπαμβλυθήσεται

245 1699 289 1734 Μ.
312 1699 407 1745 Lips.
431 1698 594 1733 Cantabr.
619 1700 649 1733 l.
669 1699 704 1734 2.
728 1698 804 1732 Par.
821 1697 858 1732 B.
882 1698 980 1732 Bcss.
1022 1693 1392 1745 ἀπαμβληθήσεται
1409 1698 1447 1732 G.
1493 1694 1725 1743 ἐπαμβλυν-

243 1750 414 1802 θήσεται
433 1754 499 1788 vit.
542 1749 900 1800 ἓπαμβληθήσεται
922 1753 1010 1788 Rob.
1035 1759 1069 1788 ct
1090 1753 1307 1799 adscriptum
1329 1753 1363 1787 in
1379 1753 1461 1787 Par.
1484 1752 1522 1787 B.

359 1810 451 1845 870.
482 1804 655 1856 γνώμην.
679 1805 791 1842 δυοῖν
812 1805 937 1849 (δυεῖν
957 1808 1017 1855 Μ.)
1040 1805 1083 1844 δέ
1104 1809 1147 1843 Μ.
1172 1809 1266 1854 Lips.
1289 1808 1421 1843 Arund.
1446 1806 1611 1842 Cantabr.
1635 1808 1666 1842 l.
1687 1807 1723 1842 2.

246 1865 323 1899 Par.
347 1866 383 1899 C.
408 1864 446 1899 E.
469 1865 507 1899 F.
530 1864 570 1898 N.
620 1859 796 1911 γνιύμαιν
824 1859 866 1899 δὲ
889 1860 1001 1898 δυοῖν
1022 1864 1060 1898 G.
1110 1859 1289 1911 γνώμαιν
1310 1863 1379 1908 (vel
1399 1863 1590 1911 γνωμαῖν)
1615 1858 1727 1896 δυοῖν

247 1916 289 1953 δὲ
310 1920 386 1954 Par.
403 1921 442 1954 A.
460 1920 497 1954 B.
515 1918 553 1953 D.
571 1919 612 1953 H.
636 1919 723 1953 Rob.
765 1914 933 1966 γνώμων
954 1919 1153 1967 (γνωμῶν
1176 1919 1298 1966 Turn.)
1323 1915 1435 1954 δυοῖν
1455 1914 1498 1954 δὲ
1518 1918 1595 1953 Ald.
1617 1917 1724 1952 Turn.

247 1970 419 2022 γνώμων
440 1971 563 2018 δυοῖν,
587 1974 718 2008 omisso
742 1970 795 2017 δέ,
818 1974 885 2008 vit.

360 2025 542 2077 θατέραν
562 2029 639 2063 Par.
662 2030 701 2063 Α.
725 2029 762 2063 C.
786 2033 821 2062 et
843 2028 1124 2074 superscriptum
1146 2028 1180 2062 in
1203 2029 1239 2063 B.

361 2085 453 2120 872.
486 2080 558 2126 ἕξει
582 2084 620 2118 G.
645 2084 705 2118 Ox.
728 2083 826 2117 Bess.
843 2083 920 2118 Ald.

361 2140 452 2175 873.
484 2139 596 2185 Vulgo
617 2139 776 2187 μακροῦ
797 2134 914 2186 λόγου
937 2134 1002 2172 δεῖ
1015 2133 1125 2173 ταῦτ’
1150 2134 1374 2180 ἐπεξελθεῖν
1394 2138 1534 2187 τορῶς,
1557 2144 1592 2173 et
1613 2138 1663 2173 sic
1680 2138 1724 2173 Μ.

251 2194 314 2228 Vit.
337 2194 432 2240 Lips.
462 2194 643 2240 ceterique
675 2194 835 2240 plerique
864 2194 1006 2229 codices
1029 2199 1063 2228 et
1084 2193 1160 2228 Ald.
1183 2194 1288 2228 Turn.
1332 2189 1397 2227 δεῖ
1417 2188 1527 2228 ταῦτ’
1553 2190 1728 2236 ἐξελθεῖν

248 2249 337 2284 Rob.
386 2250 513 2284 ταῦτα
535 2246 711 2292 ἐξελθεῖν
731 2249 808 2283 Par.
831 2249 871 2284 N.
920 2245 1050 2284 ταῦτά
1072 2243 1103 2283 τ’
1129 2246 1304 2291 ἐξελθεῖν
1325 2248 1364 2283 G.
1388 2249 1497 2283 Mose.
1523 2249 1560 2284 2.
1608 2249 1646 2284 In
1668 2245 1733 2283 δεῖ

249 2305 476 2339 consentiunt
504 2305 582 2339 libri
610 2310 753 2351 practer
783 2305 843 2339 Ox.
875 2304 909 2338 in
932 2315 1001 2350 quo
1024 2300 1073 2351 δὴ
1096 2309 1162 2339 est.
1203 2304 1280 2338 Non
1302 2309 1356 2339 est
1378 2303 1544 2339 credibile
1567 2304 1615 2339 sic
1638 2305 1726 2339 haec

250 2360 324 2394 sine
361 2360 612 2395 coniunctione
648 2359 891 2406 superioribus
928 2371 1007 2394 esse
1038 2359 1166 2394 addita.
1225 2359 1340 2402 Quare
1371 2359 1614 2406 recipiendum
1647 2359 1727 2394 duxi

251 2416 346 2461 quod
376 2415 564 2450 Scln'itzius
595 2415 748 2450 coniecit
778 2411 824 2450 δέ
841 2426 905 2461 pro
928 2411 998 2449 δεῖ.
1046 2415 1089 2449 Et
1111 2414 1341 2449 confirmatur
1361 2415 1429 2450 hoc
1452 2415 1570 2461 glossa
1593 2415 1726 2450 codicis

251 2471 289 2504 G.
325 2465 513 2517 ὑπάρχει,
550 2471 616 2506 etsi
645 2471 701 2505 hic
733 2482 875 2516 quoque
905 2470 1016 2505 codex
1047 2467 1112 2504 δεῖ
1134 2470 1254 2505 habet.
1304 2470 1425 2516 Neque
1449 2467 1514 2504 δεῖ
1527 2470 1727 2505 habuerunt

251 2525 476 2565 scholiastae,
502 2528 558 2572 qui
581 2527 614 2560 in
638 2526 869 2572 explicatione
892 2525 1079 2560 verborum
1102 2525 1327 2560 adhibuerint
1349 2521 1454 2560 ἐστίν
1474 2531 1509 2560 et
1530 2520 1587 2572 εἴη
1611 2519 1670 2559 ἄν.

364 2581 454 2616 874.
487 2579 528 2616 ἐκ
551 2578 670 2616 τῶνδε
693 2582 769 2616 Par.
796 2581 832 2616 B.
865 2580 943 2623 (sed
972 2581 1028 2616 hie
1051 2581 1230 2627 adscripto
1260 2578 1302 2616 ἐκ
1326 2577 1463 2628 τῆσδε)
1494 2581 1554 2615 Ox.
1579 2581 1662 2615 Ven.
1692 2581 1724 2615 1.

251 2630 314 2669 καὶ
337 2632 459 2670 τῶνδε
483 2636 521 2670 G.

363 2690 454 2726 875.
487 2689 650 2733 κλεινοῖς
671 2691 714 2725 Μ.
737 2690 824 2726 Rob.
867 2691 981 2726 Ceteri
1005 2685 1165 2733 κλεινός.
1217 2690 1328 2734 Quem
1349 2695 1456 2737 poeta
1479 2690 1646 2726 extollere
1668 2690 1724 2725 hic
