1878 3115
761 199 817 232 AD
843 199 1021 232 PERSAS.
1539 195 1614 233 195

250 303 341 339 339.
376 302 477 346 Quod
499 302 695 338 Brunckius
717 308 752 337 et
774 303 963 338 Sclu'itzius
985 314 1025 338 ex
1042 303 1180 339 lleathii
1202 303 1407 340 coniectura
1428 305 1613 346 dederunt,

137 354 336 404 δοκῶμεν,
372 358 407 393 id
436 357 543 393 babet
572 359 611 393 G.
667 359 704 393 lu
727 359 855 394 ceteris
877 358 1052 400 omnibus,
1074 359 1280 395 nominatim
1301 360 1335 395 in
1357 360 1401 396 M.
1425 361 1490 396 Vit.
1519 362 1613 409 Lips.

138 413 221 448 Ven.
238 415 278 449 Α.
297 413 335 448 B.
359 419 394 449 et
423 414 502 449 edd.
534 420 614 449 ante
636 414 870 456 Brunckium,
908 420 963 450 est
984 412 1191 461 δοκοῦμεν.
1245 415 1377 451 Deinde
1408 415 1616 466 ληφθῆναι

136 469 180 504 Μ.
202 469 269 504 Vit.
293 469 402 505 Mose.
443 468 678 519 λειφθῆναι,
708 470 751 504 ad
772 481 802 504 ει
825 481 931 516 supra
961 470 1141 516 adscripto
1177 483 1221 517 η,
1250 471 1346 518 Lips.
1397 472 1616 509 Scholiastes

136 530 254 559 utrum
285 521 483 572 δοκοῦμεν
503 537 546 560 an
569 523 753 571 δοκῶμεν
771 525 919 572 legerit,
951 536 991 560 ex
1020 526 1095 560 eius
1117 527 1410 572 interpretatione
1431 525 1487 576 μὴ
1511 522 1616 565 δόκει

136 592 207 615 non
228 586 349 627 potest
368 580 535 627 perspici.
577 580 665 615 Illud
685 591 768 615 vero
789 580 932 627 planum
955 586 1020 621 est,
1045 581 1074 614 si
1091 581 1160 616 duo
1178 588 1370 627 sequentes
1386 595 1508 619 versus
1524 596 1618 620 nun-

135 636 184 671 tio
207 637 468 676 continuantur,
491 641 529 670 ut
550 635 587 670 fit
608 636 643 670 in
663 635 761 670 libris
784 635 959 676 omnibus,
976 647 1048 670 non
1069 647 1176 682 posse
1199 633 1398 684 δοκοῦμεν
1416 639 1497 685 legi,
1521 640 1617 686 quod

136 692 186 727 sic
216 692 343 726 mirum
372 691 407 726 in
428 690 572 726 modum
594 690 744 737 abrupta
766 696 802 726 et
821 691 1033 727 inconcinna
1055 692 1157 726 lieret
1179 692 1312 738 oratio,
1344 694 1407 728 sed
1428 694 1617 741 legendum

135 758 215 782 esse
237 743 440 793 δοκῶμεν,
470 758 539 793 quo
569 747 658 781 haec
689 747 876 782 commode
905 752 941 782 et
969 758 1048 782 cum
1079 748 1378 793 praecedentibus
1401 755 1433 784 et
1457 761 1536 785 cuin
1558 762 1618 786 se—

136 802 326 849 quentibus
349 803 584 838 cohaereant:
615 803 670 838 ita
689 815 726 838 se
746 803 854 839 habel
876 805 994 846 ratio,
1022 815 1067 838 ‘ne
1087 815 1152 838 nos
1175 805 1244 839 hac
1265 816 1309 839 ex
1324 811 1435 850 parte
1450 813 1556 852 putes
1577 809 1618 843 in

130 870 261 905 puyna
280 859 477 905 inferiores
496 861 630 905 fuisse:
650 860 713 894 secl
734 860 820 894 deus
843 859 980 906 aliquis
1001 861 1197 895 exercitum
1213 861 1392 905 perdidit,
1408 873 1479 897 non
1499 874 1618 909 aequa

134 915 240 950 lance
258 920 387 950 sortem
404 916 628 961 ponderans.
663 915 707 948 At
722 925 805 949 vcro
822 914 873 949 uti
890 920 1007 949 tantus
1022 914 1192 949 librorum
1210 915 1243 949 in
1258 915 1444 951 indicativo
1463 928 1619 952 consen-

135 981 196 1004 sus
218 970 458 1016 suspicionem
481 969 581 1010 sacit,
615 969 875 1005 coniunctivum
897 970 931 1004 in
954 970 1077 1005 codice
1101 969 1374 1017 Guelferbytano
1397 973 1619 1008 emendatio-

134 1036 215 1060 nem
237 1036 316 1060 esse
338 1025 391 1061 vel
414 1025 525 1060 critici
546 1025 599 1060 vel
620 1025 771 1067 librarii,
803 1026 987 1061 sentientis
1018 1037 1123 1072 quam
1142 1026 1233 1061 male
1256 1028 1462 1063 conveniret
1482 1028 1619 1064 indica-

134 1081 225 1115 tivus
246 1081 281 1116 in
302 1081 361 1116 illo
389 1092 494 1128 quein
513 1081 661 1116 indicavi
683 1081 852 1116 orationis
875 1082 1040 1122 decursu,
1063 1082 1111 1116 ita
1131 1082 1242 1117 multo
1264 1083 1376 1129 inagis
1393 1084 1480 1119 baec
1499 1085 1618 1131 suspi-

135 1136 190 1171 cio
213 1148 254 1171 eo
278 1142 428 1183 augetur
449 1142 484 1172 et
505 1137 754 1178 confirmatur,
787 1137 882 1183 quod
904 1137 1063 1172 oratione
1085 1138 1197 1172 nuntii
1218 1149 1331 1184 usque
1354 1139 1397 1174 ad
1417 1139 1523 1175 verba
1546 1134 1619 1175 οὐκ

135 1186 340 1243 ἰσορρόπῳ
371 1188 472 1242 τύχῃ
493 1192 686 1239 producta,
719 1204 808 1239 quae
831 1193 1000 1239 deinceps
1022 1198 1221 1239 sequuntur
1240 1205 1389 1240 prorsus
1410 1195 1617 1241 perturbata

135 1253 171 1282 et
190 1259 358 1294 perversa
380 1254 474 1283 sunt.
517 1248 614 1291 Quae
637 1259 744 1295 quum
766 1248 869 1295 vulgo
892 1249 941 1283 sie
962 1249 1126 1295 personis
1148 1249 1255 1284 divisa
1276 1249 1357 1290 siut,

246 1301 346 1339 AT.
404 1300 496 1338 θεοὶ
519 1299 635 1339 πόλιν
655 1297 825 1348 σώζουσι
845 1297 1071 1346 Παλλάδος
1090 1303 1204 1346 θεᾶς.

245 1357 378 1394 ΛΓΓ.
411 1353 488 1395 ἴστ’
513 1348 575 1408 ἆρ’
589 1353 788 1406 Ἀθηνῶν,
811 1353 889 1395 ἔστ>
914 1353 1153 1408 ἀπόρθητος
1172 1354 1299 1404 πόλις,

405 1409 567 1464 ἀνδρῶν
585 1411 662 1464 γὰρ
684 1408 810 1451 ὄντων
831 1410 944 1463 ἕρκος
964 1411 1071 1450 ἐστὶν
1093 1409 1285 1464 ἀσφαλές,

135 1470 270 1517 primus
292 1471 402 1506 sensit
424 1470 613 1506 Schtitzius
634 1482 792 1512 versum,
817 1471 876 1517 qui
896 1471 931 1505 in
952 1471 1006 1505 his
1027 1471 1164 1506 medius
1187 1476 1261 1511 est,
1283 1473 1434 1507 Atossae
1456 1471 1619 1507 tribuen-

136 1526 219 1561 dum
251 1538 348 1561 esse:
380 1527 447 1561 etsi
474 1527 559 1561 illud
586 1538 657 1561 non
686 1532 784 1562 recte
813 1527 919 1568 fecit,
950 1527 1045 1573 quod
1067 1527 1101 1561 in
1124 1527 1378 1562 commentario
1401 1527 1444 1562 ad
1465 1528 1618 1563 maiores

136 1582 309 1617 editiones
329 1582 423 1617 illam
443 1593 678 1629 personarum
700 1583 975 1624 distinctionem,
1000 1594 1089 1629 quae
1112 1588 1166 1618 est
1187 1583 1220 1617 in
1239 1583 1392 1617 editione
1408 1583 1616 1623 Robortelli‚

136 1638 403 1673 adsciscendam
423 1638 607 1679 iudicavit,
641 1650 709 1685 qua
731 1638 799 1673 duo
821 1639 960 1685 priores
982 1650 1103 1673 versus
1125 1640 1294 1679 Atossae,
1326 1644 1503 1674 extremus
1525 1651 1619 1674 nun-

135 1693 184 1728 tio
220 1693 397 1728 tribuitur.
452 1694 573 1740 Neque
604 1694 696 1728 enim
724 1694 793 1729 hoc
822 1694 928 1729 modo
950 1694 1099 1729 multum
1120 1694 1257 1729 tollitur
1278 1694 1320 1729 de
1341 1694 1618 1730 inconcinnitate

136 1749 319 1784 orationis.
360 1749 504 1784 Rectius
531 1750 566 1784 in
587 1750 723 1785 minore
746 1750 898 1784 editione
919 1750 1071 1796 primum
1093 1761 1233 1784 versum
1254 1750 1397 1790 nuntio,
1422 1751 1618 1785 secundum

136 1805 305 1846 Mossae,
339 1805 480 1840 tertium
508 1816 632 1839 rursus
653 1805 776 1839 nuntio
799 1805 1006 1851 adscripsit,
1040 1816 1144 1851 quam
1166 1805 1339 1839 rationem
1360 1805 1435 1840 iure
1457 1805 1619 1851 probavit

136 1859 319 1895 laeobsius
348 1860 381 1894 in
410 1860 451 1894 iis
474 1871 563 1906 quae
585 1860 628 1895 de
650 1860 814 1907 Aeschyli
835 1861 951 1895 Persis
982 1860 1124 1907 scripsit
1144 1861 1179 1895 in
1199 1860 1387 1895 Wielandii
1408 1860 1530 1896 Museo
1552 1863 1618 1896 At·-

137 1915 208 1950 tico
238 1915 306 1950 vol.
329 1915 383 1950 IV.
414 1927 449 1962 p.
473 1916 499 1950 1.
532 1916 603 1950 sive
631 1916 667 1950 iu
689 1916 876 1962 Opusculis
906 1916 978 1951 suis
1000 1916 1068 1950 vol.
1094 1916 1130 1950 V.
1161 1915 1223 1950 sed
1252 1927 1376 1950 rursus
1405 1916 1461 1951 ille
1484 1917 1617 1952 rectius

138 1970 305 2005 Schutzio
343 1971 385 2006 de
415 1971 484 2006 hoe
514 1971 594 2007 loco
624 1971 794 2006 sentiens.
847 1971 933 2006 Nam
966 1982 1072 2017 quum
1095 1971 1284 2006 Sclu‘jtzius
1305 1971 1457 2018 primum
1477 1983 1617 2007 versum

137 2037 216 2061 cuin
237 2027 475 2073 praecedente
497 2027 608 2062 nuntii
630 2027 790 2062 oratione
813 2027 1065 2068 coniunxisset,
1084 2027 1272 2062 audaciore
1294 2027 1386 2062 sacta
1408 2028 1615 2069 mutatione,

136 2082 305 2129 nulloque
326 2093 474 2129 prorsus
496 2082 648 2117 stabilita
669 2083 911 2124 fundamento,

337 2134 436 2180 θεὸς
455 2132 572 2173 πόλιν
593 2133 626 2173 δ’
650 2133 774 2173 ἔσωσε
794 2132 1020 2180 Παλλάδος
1039 2136 1156 2181 θεᾶς,

137 2193 222 2228 vidit
241 2193 423 2229 Iacobsius
445 2194 651 2229 servandam
674 2205 753 2229 esse
776 2194 949 2240 vulgatam
970 2193 1181 2233 lectionem,
1213 2193 1276 2228 sed
1298 2193 1514 2239 praecedere
1535 2194 1617 2229 huic

137 2249 252 2284 versui
275 2249 439 2284 debuisse
462 2249 594 2284 dictum
616 2249 760 2295 aliquod
780 2251 943 2284 Atossae.
986 2248 1089 2291 Quod
1116 2248 1173 2283 ille
1196 2259 1303 2294 quum
1325 2249 1459 2283 nullum
1480 2249 1619 2295 reperi-

138 2309 212 2343 ret,
245 2309 285 2338 ut
314 2305 373 2350 qui
402 2305 598 2339 orationem
625 2305 739 2339 nuntii
765 2309 908 2350 putaret
933 2303 1048 2339 verbis
1071 2297 1144 2337 οὐκ
1165 2297 1370 2353 ἷσορρόῑτῳ
1392 2298 1492 2353 τύχῃ
1514 2304 1615 2343 finiri.

140 2358 311 2393 excidisse
339 2370 478 2394 versum
500 2361 649 2394 Atossae
678 2365 762 2406 post
789 2359 883 2394 illam
913 2359 1110 2394 orationem
1131 2358 1243 2393 nuntii
1266 2359 1427 2393 eredidit.
1467 2362 1512 2394 At
1532 2360 1618 2394 nihil

140 2414 286 2455 excidit,
310 2414 373 2449 sed
394 2414 450 2449 illa
471 2414 547 2460 ipsa
568 2415 695 2455 lectio,
717 2408 774 2462 μή
796 2425 858 2449 σοι
881 2411 1098 2461 δοκοῦμεν,
1128 2414 1175 2448 ita
1198 2419 1253 2448 est
1274 2419 1478 2461 comparata
1499 2420 1538 2449 ut
1559 2426 1618 2450 se-

141 2475 290 2516 quentes
322 2480 445 2504 versus
476 2469 518 2504 ab
547 2470 660 2505 nuntii
681 2470 841 2505 oratione
863 2470 1001 2516 seiungi
1020 2469 1192 2516 postulet.
1236 2469 1332 2512 Quos
1355 2470 1423 2505 duo
1445 2481 1567 2505 versus
1589 2471 1618 2506 si

138 2528 288 2560 Atossae
318 2525 502 2565 tribueris,
540 2536 612 2560 non
642 2525 756 2560 solum
777 2526 885 2567 haec,
924 2525 987 2561 sed
1008 2525 1143 2572 reliqua
1165 2536 1307 2571 quoque
1330 2536 1370 2560 ex
1390 2525 1447 2560 illa
1468 2525 1618 2562 Iacobsii

138 2591 373 2627 personarum
403 2581 571 2616 divisione
599 2581 796 2616 rectissime
817 2581 1027 2628 procedent.
1069 2580 1218 2615 Nuntius
1240 2581 1347 2627 igitur
1367 2581 1417 2616 sic
1439 2581 1514 2616 finit
1536 2593 1618 2617 ora-

139 2636 272 2671 tionem
310 2647 429 2677 suam,
468 2639 646 2684 numquid
675 2639 744 2674 hac
773 2648 817 2673 ex
841 2644 952 2684 parte
982 2637 1050 2673 tibi
1076 2638 1242 2672 videmur
1263 2637 1458 2684 inferiores
1478 2639 1618 2683 fuisse?

140 2692 210 2726 lam
233 2692 361 2727 dicenti
385 2694 534 2727 Atossae
556 2698 593 2728 a!
615 2704 701 2739 eryt)
724 2694 810 2728 deus
832 2695 1014 2740 quispiam
1035 2693 1205 2733 classem,
1227 2693 1358 2739 iniqua
1378 2693 1483 2729 lance
1501 2695 1619 2741 sortu—

1284 2755 1320 2786 13
1335 2754 1353 2775 *
