1878 3115
213 202 295 241 406
776 205 1120 238 ADNOTATIONES

213 315 357 358 ‘inteqro
380 322 530 357 corpore
551 311 823 356 interpretatur,
855 310 1041 357 oppositos
1063 309 1173 345 cineri
1194 308 1482 352 combustorum,
1513 311 1687 346 sententia

212 368 317 408 bona,
341 366 404 401 sed
425 371 464 401 ut
484 365 590 400 scribi
612 365 740 400 debeat
759 360 976 416 ἐῖιιμορφοι.
1015 365 1147 400 Deinde
1168 360 1301 414 ἐχθρὰ
1322 358 1366 399 ‹5'
1387 359 1550 412 ἔχοντας
1569 361 1687 416 ἔκρυ-

212 431 292 468 ψεν
313 423 405 457 Flor.
428 421 518 456 vict.
560 417 722 469 ἐχθρῶν
743 416 784 455 ὁ)
809 416 974 468 ἔχοντας
994 415 1170 471 ἔκρυψεν
1189 421 1291 456 Farn.
1341 420 1491 456 Orellius
1513 422 1554 457 ad
1575 423 1686 458 lsoer.

214 491 249 524 p.
268 480 359 514 371.
382 472 512 525 ἐχθρὰ
535 470 578 510 d’
602 471 800 523 ἐχθοντας
820 472 1006 527 ἔκρυψεν.
1047 477 1170 512 Melius
1190 478 1342 512 Auratus
1364 476 1492 523 aliique
1513 470 1688 520 ἑλόντας.

215 534 285 567 Sed
320 538 419 568 recte
447 544 485 567 se
519 531 627 567 habet
659 527 843 578 ἔχοντας,
882 532 978 579 quod
1013 538 1162 579 propter
1194 543 1445 579 praegressum
1479 528 1689 579 κατέχουσι

214 589 358 629 dietum,
382 589 460 630 etsi,
484 594 523 623 ut
542 599 623 623 vere
645 588 888 624 animadvertit
904 588 1154 629 Blomlieldius,
1177 587 1220 623 ad
1236 583 1548 635 θήκαςιέἰοιτιιν,
1573 593 1689 624 tamen

215 645 265 680 sic
286 649 341 679 est
362 644 505 684 dictum,
527 650 567 678 ut
587 644 691 679 simul
712 644 926 691 couipotitos
950 649 1064 679 terrae
1085 644 1176 679 illius
1198 643 1385 691 significet.

328 701 421 736 436.
453 699 545 735 Libri
568 695 652 735 σύν.

327 757 420 791 437.
452 748 733 804 δημοκράντου
754 755 947 790 Porsonus.
994 754 1088 790 Libri
1117 749 1388 804 ὃημοκράτου.
1435 753 1606 801 Ambigua
1635 759 1690 790 est

215 811 402 846 sententia.
452 812 521 846 Aut
542 811 609 845 hoc
632 811 735 851 dicit,
759 813 922 847 decretae
943 824 966 847 a
984 811 1121 858 populo
1142 811 1398 857 imprecationi
1413 812 1590 857 persolvit
1609 812 1690 846 ira-

214 868 352 904 candus
372 878 497 902 rumor
517 867 684 907 debitum,
706 866 741 901 h.
759 877 790 901 e.
813 866 913 912 punit
934 871 1100 901 auctores
1120 866 1309 901 multarum
1331 865 1503 907 caedium,
1526 870 1586 901 aut
1605 866 1689 907 hoe,

213 925 332 959 iratus
362 923 496 969 populi
529 934 653 957 rumor
683 923 860 968 persolvit
895 923 1053 958 debitam
1083 922 1217 968 populi
1250 922 1555 969 imprecationem.
1613 921 1690 957 Hoc

216 977 379 1025 probem.

327 1033 420 1069 438.
451 1027 494 1067 τί
509 1043 589 1077 μου
613 1032 706 1066 Flor.
746 1043 783 1067 τι
804 1031 887 1078 μοῦ
908 1031 1011 1067 Farn.
1028 1031 1117 1067 vict.
1330 1075 1349 1082 -

328 1090 421 1124 441.
445 1088 538 1123 442.
572 1081 796 1122 ἀπόσκοποι
819 1087 912 1122 Flor.
1036 1082 1212 1122 κελαιναὶ
1235 1081 1275 1121 δ”
1301 1083 1374 1122 οὖν
1391 1082 1565 1136 ἕριννύες
1583 1086 1687 1123 Farn.

214 1145 304 1180 Viet.
345 1139 521 1178 κελαιναὶ
544 1136 585 1177 δ’
608 1136 779 1192 ἔριννύες
798 1143 892 1178 Flor.
916 1154 1020 1190 quein
1041 1148 1139 1178 recte
1162 1147 1307 1178 secutus
1329 1148 1383 1178 est
1402 1143 1654 1179 Blomtieldius.

327 1201 420 1235 444.
451 1197 672 1245 παλιντυχῆ
693 1199 785 1233 Flor.
808 1199 899 1234 vict.
938 1198 1173 1248 παλιντυχῇ,
1195 1210 1275 1233 cuin
1297 1199 1344 1245 gl.
1367 1195 1525 1234 ἐναντία
1546 1195 1692 1241 ὃυςτυ-

208 1256 284 1302 χεῖ,
306 1256 409 1290 Farn.
449 1252 685 1301 παλιντυχεῖ
700 1254 858 1301 Scaliger
880 1260 915 1290 et
936 1255 969 1289 in
990 1254 1172 1301 Excerptis
1195 1254 1349 1295 Grotius,
1371 1254 1524 1301 indeque
1545 1255 1614 1290 alii.

326 1312 419 1348 445.
451 1310 622 1356 Ainbigue
657 1310 741 1345 dicit
777 1304 961 1356 ἀΐστους,
1003 1321 1215 1358 quamquam
1250 1310 1326 1357 ipse
1363 1310 1406 1345 de
1440 1310 1590 1346 mortuis
1625 1321 1691 1346 co-

215 1367 345 1413 gitans.
1726 1360 1729 1361 ⁷

327 1424 419 1458 447.
450 1421 544 1456 Libri
560 1415 802 1468 ὑπερκότως.
825 1422 949 1457 Glossa
966 1421 1098 1457 codicis
1112 1422 1214 1457 Farn.
1225 1414 1350 1469 ἤγουν
1363 1415 1407 1457 τὸ
1423 1417 1524 1466 λίαν,
1541 1415 1689 1464 ἁπλῶς.

215 1478 374 1517 (lintius,
397 1477 562 1517 Vossius,
595 1477 813 1519 l‘earsonus,
844 1477 1012 1512 Heathius
1032 1470 1288 1526 ὑπερκόπως,
1320 1477 1414 1523 quod
1435 1482 1534 1512 recte
1554 1477 1691 1524 recepit

214 1533 464 1573 Blonitieldius,
489 1533 546 1579 qui
570 1538 685 1567 tamen
708 1544 751 1568 eo
772 1533 1016 1580 progreditur,
1039 1539 1078 1568 ut
1097 1526 1327 1581 ὑπερκότως
1346 1533 1474 1568 nullius
1495 1533 1691 1568 auctorita-

215 1589 258 1624 tis
279 1600 401 1624 vocem
424 1599 503 1622 esse
526 1588 630 1623 dicat.
680 1588 762 1623 Eius
790 1599 914 1635 parum
945 1588 1079 1623 lirinain
1110 1588 1385 1634 disputationem
1414 1600 1445 1623 ν.
1467 1588 1512 1623 ad
1533 1587 1632 1635 Sept.
1655 1599 1687 1624 c.

213 1644 322 1679 Theb.
345 1656 376 1679 ν.
397 1645 488 1680 387.
530 1644 702 1679 Assentiri
725 1649 842 1679 tamen
864 1644 1001 1679 videtur
1021 1646 1109 1690 Aug.
1133 1643 1299 1679 Matthiae
1321 1643 1364 1678 ad
1386 1644 1468 1679 Eur.
1492 1644 1597 1680 Herc.
1620 1643 1688 1679 sur.

213 1711 245 1734 v.
267 1701 384 1736 1059.
406 1699 465 1734 ubi
488 1710 551 1734 cur
571 1700 941 1734 convenientissimum
960 1694 1209 1749 ὑπερκότως,
1238 1698 1448 1734 vocabulum
1469 1704 1567 1735 recte
1589 1711 1690 1735 com-

212 1756 380 1802 posituni,
405 1754 638 1789 damnandum
669 1755 732 1795 sit,
763 1766 834 1790 non
863 1755 973 1801 magis
1002 1755 1201 1802 perspicio,
1233 1766 1337 1801 quani
1360 1755 1538 1801 quomodo
1559 1749 1692 1803 πάγας

211 1804 463 1860 ’ἱππερκόπους
478 1811 1110 1857 inAgam.v.7S9.p1·aestctvulgato
1124 1804 1380 1859 ὑπερκότους.
1401 1811 1548 1846 Temere
1568 1811 1689 1846 itidem

213 1867 415 1901 damnatum
443 1861 701 1915 ὑπίρκομπος
729 1879 747 1901 a
777 1872 890 1901 metro
912 1867 1126 1913 praesidium
1146 1866 1255 1902 habet
1274 1867 1309 1902 in
1330 1866 1488 1902 versibus
1510 1866 1690 1902 Menandri

214 1922 307 1968 apud
328 1921 539 1956 Strabonem
562 1922 599 1956 X.
622 1934 657 1968 p.
676 1923 770 1958 ⁴152.
811 1922 873 1957 llic
896 1923 1049 1968 quidem,
1072 1922 1130 1957 ubi
1152 1922 1195 1957 de
1217 1922 1292 1957 sola
1312 1922 1500 1958 immodica
1521 1922 1689 1958 felicitate

214 1988 330 2011 serino
354 1982 419 2017 est,
442 1977 712 2023 praeferendum
736 1983 811 2012 erat
830 1972 1086 2025 ὑπερκόπως.
1108 1978 1268 2024 Choeph.
1289 1989 1320 2012 ν.
1339 1979 1427 2014 129.
1451 1973 1494 2012 οἳ
1509 1972 1543 2013 δ’
1563 1972 1689 2026 ὑπερ-

213 2026 347 2074 κόπως
376 2029 416 2067 ἐν
443 2033 545 2066 τοῖσι
579 2034 664 2074 σοῖς
690 2026 844 2067 πόνοισι
860 2029 1045 2078 χλίουσιν
1063 2029 1177 2080 μέγα.
1238 2032 1336 2079 Sept.
1359 2044 1391 2068 e.
1413 2033 1522 2068 Theb.
1544 2045 1575 2068 v.
1593 2034 1686 2070 435.

211 2083 306 2135 πρὶν
326 2081 421 2133 ἐμὸν
441 2083 622 2135 ε’ςθορεῖν
651 2081 798 2134 δόμον,
826 2085 1012 2123 πωλικῶν
1031 2082 1074 2122 3²
1097 2081 1274 2122 ἑδωλίων
1291 2081 1333 2134 μ’
1354 2082 1568 2139 ὑπερκόπῳ
1598 2084 1692 2137 ὁόρί

212 2135 300 2178 ποτ’
325 2136 556 2184 ἐκλαπάξαι.

326 2192 418 2234 448.
440 2192 608 2240 ’Όσσοις
638 2199 684 2232 ita
715 2197 811 2233 addit
839 2202 878 2233 ut
897 2197 1028 2232 lumine
1058 2198 1242 2233 oculorum
1265 2203 1300 2233 et
1320 2198 1400 2233 luce
1420 2198 1510 2233 vitae
1530 2198 1686 2244 privatos

214 2253 325 2287 dicat:
357 2253 559 2288 reseruntur
590 2253 681 2287 enini
710 2254 797 2288 haee
830 2254 873 2288 ad
900 2247 1043 2289 τιθεΐο’
1067 2247 1253 2303 ἀμαυρόν
1282 2259 1317 2289 et
1345 2251 1385 2289 ἐν
1405 2247 1558 2296 ἀΐστοις
1578 2249 1686 2289 τελέ-

212 2310 373 2350 θοντος.
414 2308 498 2343 Mira
521 2314 575 2343 est
596 2309 763 2343 Lobeckii
786 2309 991 2344 coniectura
1012 2309 1046 2344 in
1065 2309 1180 2344 Aiacis
1203 2309 1258 2344 ed.
1282 2321 1353 2345 sec.
1376 2311 1517 2356 p.344.
1538 2303 1686 2355 βάλλε-

211 2376 276 2399 ται
298 2356 521 2415 γάρὌσσᾳ
542 2358 700 2400 Διόθεν
720 2360 922 2413 κεραυνός.

324 2421 417 2454 451.
447 2413 538 2466 μήτ’
562 2421 664 2455 Far-n.
687 2420 776 2455 Vict.
822 2415 878 2468 μὴ
901 2414 942 2454 δ’
966 2420 1058 2455 Flor.
1082 2432 1151 2467 quo
1175 2420 1241 2455 etsi
1262 2420 1386 2455 melius
1416 2420 1581 2456 connecti
1603 2431 1686 2456 sen—

215 2475 341 2509 tentiae
363 2475 470 2509 videri
492 2481 654 2521 possunt,
680 2481 795 2510 tamen
817 2477 885 2511 hoc
907 2476 941 2510 in
963 2487 1093 2522 genere
1115 2476 1264 2517 dicendi,
1289 2487 1358 2522 quo
1373 2487 1585 2522 praegressa
1601 2487 1686 2511 sen-

214 2530 321 2563 tentia
351 2530 425 2564 aliis
455 2530 569 2565 verbis
599 2531 811 2577 explicatur,
843 2532 955 2566 omitti
985 2531 1077 2566 solet
1105 2531 1244 2578 copula.
1298 2531 1365 2567 Pro
1394 2525 1684 2581 πτολιπόρθης,

213 2585 305 2629 quod
330 2584 407 2619 libri
427 2586 578 2627 liabent,
610 2587 848 2622 Blomfieldius
870 2587 1013 2633 scripsit
1032 2584 1322 2636 πτολίπορθος.
1376 2587 1459 2621 Mihi
1480 2586 1619 2633 quidem
1642 2586 1685 2621 de

211 2639 381 2673 industria
402 2642 595 2688 Aeschylus
627 2654 665 2677 ea
697 2643 810 2677 fornia
839 2654 925 2678 usus
955 2654 1034 2679 esse
1062 2643 1199 2679 videtur
1228 2653 1317 2690 quae
1339 2642 1545 2678 substantivi
1565 2641 1687 2688 potius>

213 2705 315 2739 quain
337 2695 496 2731 audiet-tivi
518 2698 674 2743 speciem
689 2698 891 2745 praeberet.
