1878 3115
227 228 278 267 78
787 234 1130 267 ADNOTATIONES

338 339 430 376 323.
471 338 555 380 τοῖς
576 349 645 373 om.
668 338 762 384 Lips.
793 339 823 373 l.

339 395 430 431 324.
471 394 645 429 Imitatum
667 404 745 428 esse
767 393 861 428 hunc
881 403 1022 428 versum
1038 392 1199 428 Tzetzam
1221 392 1264 428 ad
1280 393 1424 429 Hesiodi
1441 395 1480 430 Ο.
1499 401 1534 431 et
1551 395 1589 431 D.
1606 397 1696 433 780.

225 449 404 487 adnotavit
425 449 617 483 Porsonus.

338 505 430 541 327.
471 501 534 538 καὶ
555 500 647 551 μὴν,
668 504 912 550 superscripto
933 503 1014 547 νῦν,
1035 503 1129 550 LiPS.
1154 504 1190 539 2.
1212 505 1301 550 Aug.

338 561 429 596 329.
469 555 525 606 μὴ
548 554 811 607 λαυροστόμει
830 559 868 594 G.
886 559 953 594 Vit.
976 559 1103 605 aliique
1127 564 1161 594 et
1176 559 1253 594 Ald.
1296 559 1516 596 Scholiastes
1532 560 1697 597 Nicandri

224 616 268 651 ad
288 616 385 650 Alex.
413 615 502 650 160.
525 611 589 649 καὶ
611 610 830 661 Αῗσχύλος,
851 610 907 662 μὴ
930 609 1212 663 λαβροστόμει.

337 672 428 707 330.
472 663 550 704 οἷδ’
578 671 666 716 Aug.
782 665 1049 720 περισώᾳριον
1069 670 1108 705 G.
1131 670 1225 716 Lips.
1253 672 1286 706 1.

337 727 428 762 331.
470 722 754 774 προστρίβεται
784 725 828 759 Μ.
860 725 898 760 G.
924 726 988 760 Vit.
1018 726 1113 772 Lips.
1141 728 1173 761 1.
1204 725 1304 760 Vind.
1333 727 1364 761 1.
1389 728 1426 762 4.
1450 731 1486 761 et
1504 726 1694 769 Victorius,

223 788 329 828 atque
350 782 398 816 ita
419 781 589 827 seriptum
612 786 666 815 est
687 781 779 827 apud
801 780 994 816 Stobaeurn
1014 781 1157 815 XXXVI.
1187 783 1246 817 17.
1269 787 1375 827 atque
1397 782 1618 828 Apostolium
1640 783 1695 818 Vl.

226 839 289 875 36.
313 842 348 871 et
369 837 402 870 in
425 836 656 871 Monostichis
678 836 858 871 Menandri
879 849 909 871 V.
939 839 1026 872 111.
1048 833 1300 885 προσγίνεται
1323 837 1417 883 Lips.
1442 838 1477 873 2.
1499 839 1588 884 Aug.
1620 839 1698 874 alii-

224 904 292 939 que
314 892 417 927 codd.
441 897 476 926 et
495 892 572 928 Ald.
595 891 682 926 Rob.
709 892 814 926 Turn.
854 903 915 941 γρ.
936 889 1220 941 προστρίβεται
1241 903 1363 938 margo
1384 892 1479 939 Lips.
1504 894 1539 929 2.

338 948 428 984 332.
470 947 563 982 Libri
585 941 650 982 ὅθ’
675 940 813 982 οὕνεκ’.

338 1003 429 1039 333.
470 1001 712 1049 τετολμικιῦς
732 1003 770 1037 G.

335 1057 515 1092 simillime
538 1057 736 1104 Sophocles
757 1058 873 1103 Antig.
899 1058 990 1094 537.

425 1110 488 1147 καὶ
512 1109 765 1159 ξυμμετίσχω
787 1110 850 1147 καὶ
875 1109 984 1161 Ιφέρω
1005 1114 1076 1160 τῆς
1097 1108 1238 1154 αῗτίας.

337 1169 428 1204 334.
468 1164 595 1215 μηδέν
614 1179 675 1203 σοι
697 1168 741 1202 Μ.
764 1168 830 1203 Vit.
853 1168 948 1214 LiPS.
977 1171 1009 1204 1.
1034 1169 1069 1204 2.
1093 1168 1220 1214 aliique
1243 1174 1278 1203 et
1299 1167 1387 1203 Roh.

336 1224 427 1260 335.
468 1220 621 1264 πείθεις
641 1223 684 1257 M.
801 1217 925 1271 οὗτὰρ
948 1224 987 1258 G.

333 1273 522 1325 εὗπειθής
542 1278 586 1313 Μ.
609 1289 627 1313 a
648 1289 702 1324 pr.
724 1289 830 1312 manu
852 1283 886 1313 et
901 1278 967 1313 Vit.
983 1279 1078 1325 Lips.
1096 1280 1128 1314 1.
1142 1279 1178 1314 2.
1200 1280 1289 1325 Aug.
1313 1279 1440 1326 aliique
1458 1284 1494 1314 et
1509 1279 1587 1314 Ald.
1606 1279 1694 1315 Rol).

222 1335 260 1369 ln
280 1334 374 1380 Lips.
399 1334 434 1369 2.
458 1346 468 1367 ι
491 1334 534 1368 ad
555 1345 584 1368 ει
607 1334 899 1380 superscriptum.

337 1390 427 1425 336.
468 1385 669 1424 πάπταννε
693 1389 731 1424 G.
772 1384 998 1435 πάμπταινε
1019 1389 1115 1436 Lips.
1140 1390 1175 1425 2.
1198 1390 1288 1435 Aug.

332 1443 529 1492 πημαθῆς
550 1445 593 1479 Μ.
617 1456 635 1479 a
657 1456 710 1491 pr.
732 1456 850 1485 manu,
873 1457 894 1478 ι’
914 1445 1046 1479 addidit
1067 1445 1235 1480 secunda.

337 1501 428 1536 339.
475 1496 675 1547 μηδαμῶς
705 1495 745 1547 μ’
785 1495 1032 1549 ἀντισπάσῃς
1071 1511 1111 1535 ex
1161 1500 1298 1535 duabus
1348 1500 1695 1547 Cantabrigiensibus

222 1555 472 1590 Blomfieldius.

337 1612 427 1647 341.
468 1606 592 1645 τῶνδε
615 1621 684 1645 om.
707 1610 801 1656 Lips.
826 1611 861 1646 2.
884 1612 973 1657 Aug.

338 1667 429 1702 342.
471 1660 589 1700 κούδὲ
607 1662 663 1713 μὴ
685 1666 729 1700 Μ.
753 1666 791 1700 G.
814 1666 881 1700 Vit.
911 1666 1051 1712 aliique.
1099 1662 1284 1714 κουὸαμῆ
1311 1666 1405 1713 Lips.
1434 1668 1466 1702 1.
1499 1666 1578 1702 edd.
1608 1672 1693 1702 vett.

223 1717 420 1768 κουὸαμῆ,
441 1721 563 1755 ultima
583 1720 699 1756 littera
720 1721 754 1755 in
774 1721 878 1756 litura
900 1727 935 1756 et
951 1732 1057 1768 supra
1074 1722 1207 1767 scripto
1226 1732 1285 1765 ov,
1301 1722 1396 1768 Lips.
1409 1723 1445 1758 2.
1488 1717 1696 1769 κούδαμοῦ

221 1778 311 1822 Aug.
352 1776 582 1811 Valckenario
605 1776 648 1811 ad
669 1777 802 1811 Phoen.
826 1778 942 1813 1723.
963 1789 998 1823 p.
1014 1778 1104 1813 575.
1127 1773 1178 1812 τὰ
1197 1773 1270 1823 μὲν
1291 1772 1323 1812 σ’
1344 1774 1514 1812 ἐπαινῶν
1535 1772 1696 1827 οὐδαμῇ

222 1827 327 1878 λήξω
355 1827 453 1866 ποτέ
470 1831 658 1877 legendum
686 1832 825 1878 putanti
844 1843 943 1867 more
966 1843 1030 1867 suo
1052 1832 1245 1867 obsecutus
1267 1838 1322 1868 est
1340 1833 1549 1868 Brunckius.
1590 1833 1629 1868 V.
1652 1833 1697 1868 ad

223 1886 332 1933 Soph.
354 1887 405 1922 Ai.
433 1888 550 1923 1379.

336 1944 427 1979 343.
468 1938 723 1990 προμηθείας
744 1943 782 1977 G.
900 1936 1028 1991 αὐτὰρ
1050 1942 1117 1977 vit.

337 1999 427 2033 345.
469 1994 600 2038 θέλεις
620 1997 664 2031 Μ.
688 1998 726 2031 G.
749 1998 843 2043 Lips.
872 2000 904 2033 1.
928 1999 964 2033 2.
986 1999 1076 2043 Aug.
1100 2003 1135 2032 et
1164 1998 1213 2033 sie
1244 1999 1347 2034 codd.
1370 1999 1531 2045 plerique
1553 2004 1588 2034 et
1608 2005 1692 2035 vett.

223 2052 302 2088 edd.
356 2048 492 2093 θέλοις
522 2053 586 2086 Vit.
617 2052 694 2086 Par.
724 2052 760 2086 B.
793 2052 955 2087 Cantahr.
984 2054 1015 2087 1.
1054 2053 1149 2098 quod
1182 2059 1397 2099 receperunt
1429 2054 1626 2089 Brunokius
1659 2060 1695 2090 et

223 2107 422 2148 Solu-imus,
446 2118 528 2148 non,
550 2112 590 2142 ut
609 2107 833 2142 Wellauerus
855 2108 913 2148 ait,
936 2108 1066 2153 inepte,
1091 2108 1153 2142 sed
1175 2108 1367 2154 aptissime,
1391 2109 1496 2143 immo
1519 2110 1694 2145 sententia

224 2163 327 2198 etiam
356 2163 548 2209 flagitante,
585 2162 666 2209 quia
693 2158 826 2209 μάτην
852 2158 1035 2210 πονήσεις
1062 2163 1154 2197 idem
1185 2163 1258 2198 fero
1289 2169 1344 2198 est
1366 2164 1460 2210 quod
1482 2160 1693 2212 πονήσειας

224 2213 273 2253 ἂν
291 2213 436 2265 μάτην.

337 2275 427 2310 347.
460 2268 532 2307 οὐκ
550 2272 696 2308 om.Vit.
709 2273 766 2319 qui
785 2267 892 2307 εἵνεκ’
905 2273 1013 2308 habet
1033 2267 1124 2309 etoa}
1136 2274 1352 2321 inprincipio
1363 2275 1544 2321 sequentis
1557 2287 1690 2311 versum

333 2328 428 2363 Libri
450 2325 587 2363 εἵνεκα.
629 2328 787 2363 Correxit
807 2328 1016 2363 Brunckius.

335 2385 426 2420 348.
467 2379 674 2431 πλήστοισι
696 2395 714 2418 a
735 2396 789 2430 pr.
812 2395 917 2419 manu
938 2384 1103 2419 hahuisse
1126 2384 1261 2419 videtur
1281 2385 1325 2420 M.

331 2436 539 2481 πλείστους
558 2435 740 2486 πημονὰς
755 2440 821 2474 vit.

332 2494 462 2529 Versus
487 2496 717 2532 349—374.
748 2495 783 2530 in
811 2494 908 2529 libris
931 2495 1071 2530 Oceano
1103 2495 1224 2530 tributi
1254 2501 1347 2531 sunt.
1389 2496 1590 2533 Promethei
1613 2509 1691 2533 esse

223 2548 391 2584 intellexit
413 2550 610 2585 Elmsleius.

337 2605 427 2640 3219.
470 2602 532 2639 καὶ
556 2616 625 2640 om.
649 2606 687 2641 G.
729 2606 796 2640 Pro
819 2617 860 2640 eo
881 2606 972 2640 male
994 2606 1173 2641 Porsonus
1189 2601 1227 2653 χ’
1245 2601 1297 2641 αἱ.

336 2661 427 2695 350.
470 2654 512 2701 ὃς
533 2657 570 2701 ἒς
591 2654 780 2709 ἑσπέρης
799 2657 947 2703 τόποιπς
967 2661 1057 2696 Med.
1076 2662 1152 2697 Par.
1176 2661 1214 2696 D.
1238 2662 1326 2697 nob.
1378 2655 1421 2704 ὃς
1447 2658 1547 2711 πρὸς
1575 2655 1690 2697 ἕσπε-

224 2710 333 2762 ρίοτς
353 2709 500 2756 τόπους
520 2715 586 2750 Vit.
629 2716 744 2751 Ceteri
766 2711 809 2758 ὃς
828 2712 928 2765 πρὸς
949 2710 1139 2766 ἑσπέρους
1159 2713 1317 2759 τόπους.

947 2858 974 2875 Χ
