1878 3115
758 194 815 227 ΑΙ)
842 195 1020 230 PERSAS.
1558 189 1623 228 19¹

149 297 190 333 1ιὶ
210 298 320 332 unius
341 297 448 332 navis
470 299 616 333 iactura
635 300 797 344 suerunt.

265 353 356 388 309.
388 346 594 398 μάιαλ).ος
605 353 648 388 Μ.
662 354 726 388 Vin.
763 348 946 400 μάταλος
959 355 1053 400 Lips.
1072 354 1181 389 Mose.
1221 347 1428 400 μάτταλος
1441 355 1518 390 Ald.
1559 352 1631 402 μέ-

147 405 270 448 maog
292 408 330 442 G.
372 404 568 454 μέταλλος
590 409 675 443 Ven.
698 409 736 443 B.
759 410 836 444 Par.
856 410 892 444 C.
912 409 950 444 L.
973 409 1061 444 Rob.
1085 410 1191 444 'l'urn.

265 464 356 499 311.
390 460 548 512 πυρσὴν
568 464 761 499 Porsouus.
802 461 962 513 πυρρὰν
982 465 1025 499 Μ.
1050 470 1085 499 ct
1106 466 1277 511 plerique,
1302 471 1339 500 ut
1361 466 1507 507 videtur,
1532 467 1633 502 codi-

94 527 98 529 ’
150 529 210 552 ces
233 524 268 552 et
290 518 396 552 Turn
438 515 573 566 πυρὰν
593 519 632 554 G.
656 519 721 554 Vit.
744 520 839 565 Lips.
863 519 1028 554 cantabr.
1057 523 1089 555 l.
1113 520 1223 555 Mose.
1246 521 1324 555 Par.
1349 523 1385 556 C.
1410 522 1486 556 Ald.
1505 522 1592 557 Rob.

261 569 447 608 δ’άσκειον
466 574 510 608 Μ.
534 574 573 608 G.
596 574 690 620 Lips.
714 575 824 609 Mose.

263 630 354 664 312.
388 623 492 676 {ssay'
514 629 609 675 Lips.
725 624 939 678 πορᾳυρέα
961 629 1004 663 Μ.
1048 629 1163 665 Ceteri
1186 626 1410 682 πορᾳιρέᾳ.
1452 632 1631 667 I‘orsonus

148 683 354 733 πορφυρᾷ..
396 683 465 718 Sed
486 684 649 718 videntur
670 684 794 730 tragici
817 696 835 719 a
856 684 967 719 forma
989 696 1094 733 πορςι
1104 687 1238 733 spos-jc,
1261 692 1299 720 ut
1321 687 1471 732 vulgaris
1494 699 1633 722 sermo—

148 739 201 773 nis
223 738 378 785 propria,
402 738 626 780 abstinuisse,
644 739 796 786 ideoque
819 741 1099 775 contractionem
1122 742 1332 787 praetulisse
1350 754 1425 776 eam
1444 743 1476 776 in
1496 754 1562 788 qua
1580 744 1633 778 le—

148 794 235 829 viter
263 794 445 829 audiretur
473 805 509 839 ε,
543 795 590 829 ita
620 801 658 830 ut
679 807 750 830 non
772 795 930 830 efiiceret
951 796 1132 842 syllabam.
1186 796 1263 831 Non
1285 797 1427 832 obstant
1449 810 1569 833 versus
1592 810 1632 833 ex

149 850 373 885 Stheneboea
398 850 572 896 Euripidis
594 850 637 885 ab
658 851 841 886 Athenaeo
863 863 898 897 p.
918 853 1010 887 421.
1030 852 1066 886 F.
1089 852 1195 893 allati,
1218 852 1277 887 ubi
1297 847 1386 899 βιὸς
1407 850 1450 888 δὲ
1471 865 1631 902 πορσυ-

149 906 245 953 ροῦς
280 901 509 947 θαλάσσιος
542 906 640 941 valde
678 907 781 941 torsit
816 907 972 942 criticos.
1028 907 1261 943 Scribcndum
1291 914 1345 943 cst
1367 909 1458 943 enim
1479 906 1569 955 βίος
1590 906 1632 944 δὲ

147 957 382 1009 πορᾳιρεῦς
401 957 642 1004 θαλάσσιος.
682 962 866 1008 Loquitur,
889 969 927 997 ut
949 963 1083 1009 reliqua
1107 964 1311 1005 ostendunt,
1334 964 1503 1010 piscator,
1527 977 1632 1011 quem

149 1028 218 1062 quo
240 1017 356 1051 minus
379 1016 518 1051 dubites
540 1028 648 1052 unum
671 1028 712 1052 ex
732 1018 799 1052 illis
822 1018 1088 1065 intelligendum
1112 1031 1211 1059 esse,
1236 1020 1295 1065 qui
1315 1031 1421 1069 πορᾳ
1431 1023 1548 1068 τρεῖς,
1572 1032 1633 1055 ca·

148 1078 272 1118 ptores
294 1083 552 1119 purpurarum,
577 1073 813 1115 vocabantur,
837 1074 921 1109 facit
942 1074 1029 1109 alius
1052 1074 1227 1121 Euripidis
1250 1075 1350 1110 locus
1373 1076 1406 1110 in
1431 1077 1504 1124 lph.
1528 1077 1630 1111 Taur.

148 1139 178 1162 v.
204 1128 295 1163 262.
357 1172 372 1177 ζ

350 1179 400 1230 ’ἢν
420 1195 480 1226 τις
502 1179 681 1232 διαρρὼξ
702 1179 894 1231 κυμάτων
913 1184 1048 1235 πολλῷ
1069 1181 1182 1236 σάλῳ

350 1235 541 1281 κοιλωτὸς
562 1235 701 1287 ἀγμός,
724 1239 1040 1289 πορφυρευτικαὶ
1064 1237 1210 1290 στέγαι.

265 1295 356 1330 313.
386 1290 518 1342 μάγος
538 1295 582 1330 Μ.
601 1298 640 1330 G.
657 1296 723 1331 vit.
741 1296 835 1342 Lips.
853 1296 938 1331 Ven.
951 1298 991 1331 A.
1010 1297 1097 1332 Rob.
1138 1300 1334 1332 Accentum
1357 1297 1509 1333 correxit
1525 1297 1630 1333 Turn.

149 1345 269 1397 μέγος
289 1349 366 1384 Ald.
407 1350 527 1396 Magos
557 1357 699 1397 gentem
729 1363 809 1386 esse
831 1352 924 1387 circa
946 1353 1094 1387 Mediam
1117 1352 1293 1388 Stanleius
1315 1353 1435 1388 docuit
1458 1365 1497 1388 ex
1518 1354 1633 1388 Hero-

151 1405 234 1439 doto
256 1405 282 1440 Ι.
311 1407 399 1441 101.
426 1406 466 1441 v'et
496 1406 677 1453 Stephano
708 1407 873 1453 Byzantio
903 1408 938 1442 in
967 1420 997 1443 v.
1021 1405 1182 1457 Maya'a.
1222 1409 1311 1443 Addi
1338 1414 1480 1456 poterat
1501 1409 1632 1444 Plinius

151 1460 191 1495 ΙΙ.
214 1460 254 1495 N.
277 1461 332 1495 vl.
357 1462 407 1497 26
427 1462 525 1503 (29).

262 1509 418 1565 ἄραβος
433 1517 476 1551 Μ.
498 1518 562 1552 vit.
578 1518 673 1564 Lips.
696 1518 781 1553 Ven.
800 1518 837 1552 B.
860 1518 965 1554 Turn.
1009 1511 1191 1568 ἰὶρραβος
1205 1520 1292 1554 Υοιι.
1310 1522 1349 1555 Α.
1369 1520 1429 1555 Ox.
1448 1520 1524 1555 Ald.
1542 1520 1631 1555 1³01».

151 1564 311 1619 ἄραθος
333 1572 371 1607 G.
395 1572 472 1607 Par.
491 1573 528 1607 B.

261 1621 446 1675 ἄρτάμης
465 1629 560 1674 Lips.
583 1629 659 1664 Ald.
682 1629 787 1664 Turn.
819 1630 880 1664 sed
902 1630 935 1664 in
958 1630 1052 1676 Lips.
1074 1641 1134 1678 γρ.
1159 1624 1345 1678 ἇρσάβης
1365 1643 1471 1677 supra
1493 1632 1633 1667 adscri-

150 1688 262 1729 ptum.
299 1677 485 1731 ἀρσάβης
506 1684 594 1719 Rob.
636 1678 820 1732 ἀρτάβης
839 1685 882 1720 Μ.
902 1685 940 1720 G.
959 1686 1025 1720 vit.
1043 1686 1119 1720 Par.
1133 1686 1224 1721 1<.1..
1247 1687 1309 1721 sed
1332 1687 1365 1722 in
1383 1687 1449 1722 vit.
1469 1686 1500 1733 β
1521 1699 1538 1722 a
1558 1699 1630 1722 sec.

149 1749 255 1772 mauu
276 1738 310 1773 in
331 1739 434 1773 litura
457 1739 640 1785 scriptum,
663 1740 697 1774 in
720 1740 763 1774 M.
786 1746 920 1786 puncto
943 1746 1115 1775 notatum.
1159 1736 1347 1789 ἀρσάμῃς
1369 1743 1532 1778 Cantabr.
1557 1745 1588 1778 i.

263 1795 354 1830 314.
387 1794 487 1829 Hunc
509 1806 649 1829 versum
671 1800 754 1841 post
776 1801 986 1841 sequentem
1008 1796 1187 1831 collocant
1209 1797 1274 1831 vit.
1297 1797 1392 1844 Lips.
1423 1798 1486 1833 sed
1507 1798 1541 1833 in
1563 1798 1629 1834 vit.

150 1859 251 1883 error
271 1849 397 1883 additis
418 1850 573 1884 numeris
597 1855 793 1885 correctus.

262 1903 486 1953 σκαληρᾶς,
509 1905 573 1940 sed
594 1916 700 1951 supra
720 1917 781 1954 γρ.
803 1904 991 1955 σκληρᾶς,
1013 1906 1080 1941 vit.
1197 1901 1355 1950 ἔποικος
1375 1908 1414 1943 G.
1438 1909 1533 1955 Lips.
1555 1908 1633 1943 alii-

150 1970 218 2004 que
240 1960 410 1994 nounulli.
527 1957 781 2008 κατέᾳθειῑο,
804 1972 909 2007 supra
931 1962 1064 2008 scripto
1087 1975 1111 2006 ι,
1133 1963 1228 2008 Lips.

264 2016 355 2051 315.
379 2008 597 2063 Ἄμηστρις
617 2016 826 2051 Brunckius.
868 2009 1055 2066 ἄμιστρις
1070 2018 1112 2052 Μ.
1132 2018 1208 2053 Par.
1220 2018 1309 2053 Ab.
1328 2019 1407 2053 edd.
1424 2024 1505 2053 ante
1517 2018 1632 2053 Brun-

150 2070 280 2105 ckium.
321 2064 509 2118 ἀμίστρις
528 2071 593 2106 vit.
617 2071 712 2117 Lips.
754 2066 953 2120 ἀμίστριῑς
975 2074 1013 2107 G.
1037 2073 1122 2108 Ven.
1145 2076 1185 2109 A.
1209 2074 1285 2108 Par.
1304 2074 1342 2109 L.
1384 2074 1422 2109 V.
1446 2075 1489 2109 ad
1511 2086 1541 2109 v.
1566 2075 1630 2110 22.

262 2119 480 2175 ἀμιστρεῦς
498 2127 593 2173 Lips.
635 2121 861 2176 ἀμφτρεύς
881 2128 957 2162 Par.
982 2129 1018 2163 C.

263 2182 355 2217 316.
387 2177 580 2230 σάρὸεσιν
600 2182 644 2216 Μ.
667 2183 761 2228 Lips.
803 2177 967 2231 ὃάρδεσι
990 2184 1029 2218 G.
1074 2185 1184 2230 Vulgo
1206 2180 1399 2233 Σάρδεσι.

261 2236 361 2271 Hunc
382 2248 521 2271 versum
535 2265 543 2278 ‚
575 2238 670 2283 quod
693 2243 853 2283 quartam
876 2249 894 2271 a
915 2238 983 2272 fine
1006 2239 1174 2284 syllabam
1196 2240 1231 2273 in
1252 2239 1414 2274 vocabuli
1436 2241 1529 2275 exitu
1550 2241 1631 2275 lon-

150 2302 228 2336 gam
250 2291 368 2331 habet,
392 2291 619 2338 depravatum
641 2303 720 2327 esse
743 2293 949 2327 existimavit
965 2293 1144 2328 Porsonus
1166 2294 1200 2328 in
1223 2295 1471 2341 supplemento
1489 2295 1631 2342 praesa-

152 2346 255 2380 tionis
277 2346 321 2380 ad
341 2346 522 2381 Hecubam
543 2358 578 2393 p.
594 2347 721 2382 XXXV.
745 2347 919 2393 simulque
942 2359 1018 2383 eam
1041 2349 1280 2395 suspicionem
1302 2350 1369 2384 alio
1392 2350 1531 2386 firmare
1553 2356 1631 2386 stu-

151 2400 226 2435 duit
254 2407 475 2447 argumcnto.
516 2403 776 2442 Ariomardus,
807 2403 938 2448 iuquit,
973 2415 1087 2450 supra
1111 2405 1173 2441 38.
1201 2406 1404 2440 Thebarum
1425 2410 1631 2453 praelectus

151 2463 241 2492 erat.
285 2458 357 2492 Cur
380 2458 497 2503 iqilur
516 2456 700 2493 Sardibus
729 2458 894 2493 luctuosa
923 2466 1009 2494 esset
1040 2461 1114 2495 eius
1140 2462 1264 2495 mors?
1303 2461 1401 2500 Hoc,
1423 2467 1462 2496 ut
1483 2464 1629 2508 opinor,

149 2513 305 2547 senciens
333 2513 543 2548 scholiastes
573 2514 701 2556 addit,
736 2509 881 2561 πατρὶς
899 2509 976 2563 γὰρ
999 2509 1040 2548 αἱ
1061 2508 1234 2563 Σάρδεις
1255 2508 1375 2566 αὐτῷ.
1416 2516 1489 2552 Sed
1508 2519 1631 2564 potius

150 2567 317 2602 existimo
336 2579 478 2602 versum
496 2579 607 2603 unum
625 2570 681 2603 vel
700 2570 824 2614 plures
845 2570 1033 2610 excidisse,
1046 2570 1110 2605 ubi
1125 2571 1303 2608 Sardium
1314 2573 1536 2617 praefectus,
1552 2574 1631 2619 for-

151 2627 244 2658 tasse
262 2622 510 2668 Mitraqalhes
530 2625 588 2658 vel
607 2623 754 2662 Arcens,
776 2626 1040 2659 nomt'narelur.

354 2678 508 2724 νωμῶν,
531 2671 564 2722 ὅ,
586 2671 618 2712 2³
641 2672 1070 2727 ἐσθλὸςἈριόμαρὸος
1099 2708 1106 2715 .
1140 2708 1147 2715 .
1180 2708 1188 2715 .
1221 2708 1228 2715 .
1257 2707 1265 2714 .
