1878 3115
602 213 657 246 AD
683 213 990 247 PROMETHEVM
1015 213 1228 248 lechM.
1576 208 1653 246 125

178 310 345 358 Πάσσα,
366 315 475 351 Plinio
497 316 536 351 V.
562 318 625 354 30.
647 317 758 353 Melae
780 318 806 353 I.
834 319 894 355 18.
937 318 984 353 De
1007 329 1047 353 ea
1069 317 1197 353 Strabo
1218 317 1306 352 XIII.
1327 329 1363 364 p.
1389 318 1480 353 606.
1503 323 1657 353 extrema

179 366 256 413 ἔξω
278 367 321 406 δὲ
342 372 413 406 τοῦ
435 367 583 407 κόλπου
605 370 669 407 καὶ
691 375 763 421 τῆς
777 371 950 422 Πι-ρρᾶς
971 367 1098 421 ἄκρας
1116 367 1140 421 {J
1162 385 1202 409 τε
1222 368 1413 420 Κισθήνη
1435 369 1528 417 ἐστι’,
1545 369 1660 415 πόλις

179 421 345 475 ἔρημος,
375 422 519 473 ἔχοισα
549 425 700 474 λιλιιέιά.
740 429 835 463 llaec
864 429 1003 469 videtur
1023 440 1102 463 esse
1125 440 1229 475 quam
1251 429 1336 463 dixit
1356 429 1544 464 Isocrates.
1585 429 1659 464 Alia

178 481 240 516 suit
272 482 357 517 urbs
389 488 423 517 et
452 483 565 518 insula
597 484 687 518 inter
707 484 869 518 Rhodum
892 489 927 518 ct
947 484 1078 518 insulas
1101 484 1344 525 Chelidonias,
1377 483 1418 518 de
1441 495 1508 530 qua
1531 484 1658 519 Strabo

177 537 262 571 xlv.
286 549 320 584 p.
346 539 437 587 6613.
466 535 617 584 μεταξὺ
650 534 691 573 δ’
716 536 756 574 ἐν
781 540 838 588 τῷ
868 534 1047 584 λεχθέντι
1077 535 1277 588 παράπλῳ
1307 535 1421 586 ιἠσιά
1443 536 1572 575 πολλὰ
1593 537 1657 574 καὶ

179 589 348 638 λιμένες·
384 589 439 627 ὡν
473 590 537 628 καὶ
568 590 733 641 μεγίστη
765 595 883 640 νῆσος
920 590 984 627 καὶ
1013 589 1128 635 πόλις
1156 589 1370 640 ὃ,ιι(όιί·μος
1401 589 1424 641 ἡ
1454 591 1658 642 Κισθήνη.

181 648 291 691 Quem
322 654 438 683 autem
461 649 628 683 Thraciae
658 649 774 683 locuin
807 648 856 683 sic
879 648 1094 694 appellatum
1117 649 1350 694 Harpocratio
1373 650 1500 695 aliique
1521 662 1660 686 meino-

177 709 276 743 rant,
314 714 354 737 ex
391 703 596 738 coniectura
623 703 693 739 illic
724 704 887 738 videntur
908 703 1118 738 collocasse.
1170 704 1313 739 Rectius
1340 705 1473 739 scholia
1496 706 1659 752 Aeschyli

177 754 388 805 Κισθήνη,
419 754 533 800 πόλις
551 754 722 806 Λιβύης
740 754 763 806 ’ἢ
785 755 1026 801 Αἰθιοπίας.
1067 759 1104 794 Id
1127 760 1219 793 enim
1242 760 1445 795 coniunctio
1468 771 1547 794 eum
1570 761 1660 796 Gor—

177 813 328 859 gonibus
359 813 475 849 docet.
526 816 639 849 Acute
668 814 862 849 Meinekius
884 815 918 849 in
939 815 1158 861 praefatione
1180 815 1360 849 Menandri
1381 827 1416 861 p.
1445 817 1505 852 18.
1529 816 1659 851 Cratini

175 880 315 904 versum
347 880 364 904 e
388 869 558 916 Seriphiis
589 881 667 905 esse
700 870 872 911 coniecit,
898 881 965 916 qua
986 870 1021 904 in
1043 870 1159 905 sabula
1181 870 1301 905 Persei
1323 870 1363 905 ad
1388 871 1571 917 Gorgones
1593 872 1660 906 iter

176 925 219 959 ad
252 925 417 971 Aeschyli
446 925 643 972 exemplum
673 936 745 960 non
777 926 851 960 sine
879 926 967 960 iocis
999 931 1033 960 et
1061 926 1135 960 risu
1164 926 1395 972 descripserit
1424 933 1531 972 poeta
1562 926 1660 962 sace-

175 980 345 1015 tissimus.

283 1030 333 1069 ‘1'v'
358 1036 398 1071 G.
438 1035 542 1070 Hiatu
570 1036 727 1071 offensus
748 1036 946 1071 Brunckius
976 1037 1116 1071 mollius
1139 1048 1218 1071 esse
1239 1037 1407 1083 putabat,
1432 1037 1459 1071 si
1482 1037 1660 1073 scribere—

176 1096 234 1125 tur
254 1084 354 1141 ὅπορΥ
377 1085 418 1126 αἱ
443 1088 650 1139 Φορκίδες.
703 1093 745 1126 At
782 1092 811 1126 is
834 1091 975 1138 quidem
998 1092 1232 1127 soloecismus
1269 1098 1377 1127 esset.
1432 1092 1518 1128 Nan]
1553 1094 1587 1128 in
1621 1105 1658 1129 re

177 1152 274 1181 certa
296 1142 355 1190 οὗ,
376 1158 447 1181 11011
469 1140 582 1191 ὅπου,
605 1147 744 1182 dicitur.

291 1203 382 1238 795.
414 1203 452 1236 In
476 1197 516 1236 αἱ
541 1199 739 1251 Φορκίδες
759 1202 837 1237 lihri
860 1203 1088 1237 consentiunt
1110 1214 1253 1238 omnes:
1279 1215 1368 1249 quae
1391 1204 1565 1250 scriptura
1588 1216 1657 1239 non

175 1257 281 1292 inodo
303 1263 452 1304 propter
471 1258 605 1292 hiatum
627 1258 661 1292 in
683 1269 895 1304 praegresso
913 1255 994 1302 ἵνα,
1017 1259 1078 1293 sed
1100 1259 1211 1305 magis
1234 1259 1339 1293 etiam
1360 1265 1510 1306 propter
1526 1260 1659 1295 articu-

174 1313 246 1348 luni
269 1313 442 1359 displicet,
467 1313 525 1359 qui
546 1313 689 1347 nimium
713 1319 880 1359 quantun]
904 1314 1049 1348 dictioni
1069 1314 1232 1360 poeticae
1250 1315 1468 1349 adversatur.
1503 1315 1574 1350 Nec
1593 1316 1659 1350 ‹lu-

174 1368 248 1403 bito
279 1369 361 1415 quin
391 1368 476 1403 illud
498 1363 538 1403 αἶ
563 1365 759 1417 Φορκίὸξς
779 1369 1026 1415 interpretatio
1050 1370 1093 1404 sit
1116 1369 1285 1404 doctioris
1308 1370 1470 1404 lectionis
1497 1369 1659 1419 Φόρκυ-

175 1421 296 1468 νίὸἐς,
329 1435 432 1470 quam
461 1424 613 1459 nominis
643 1424 790 1459 sormam
821 1425 887 1459 etsi
918 1436 989 1459 non
1020 1425 1134 1459 inveni
1156 1425 1249 1471 apud
1271 1425 1426 1460 Graecos
1448 1426 1656 1472 scriptores,

175 1485 293 1515 tamen
316 1480 374 1526 qui
396 1491 414 1515 e
437 1480 578 1514 Graecis
601 1491 664 1515 sua
684 1480 880 1515 hauserunt
901 1480 1048 1515 Romani
1068 1485 1196 1527 poetae
1220 1491 1297 1515 eam
1319 1486 1475 1516 tuentur.
1518 1482 1658 1516 Ovidius

173 1535 314 1570 Metam.
337 1535 392 1570 lv.
417 1536 508 1571 742.

579 1597 609 1626 el
632 1593 785 1638 imponit
806 1592 1064 1638 Phorcynidos
1084 1604 1151 1627 ora
1171 1592 1357 1628 Medusae.

175 1646 212 1681 V.
238 1647 330 1683 230.

579 1708 609 1738 et
631 1703 671 1738 in
687 1709 832 1750 partem
853 1703 1092 1748 Phorcynida
1115 1704 1303 1739 transtulit
1326 1703 1442 1739 illam.

174 1757 338 1791 Lucanus
360 1756 414 1791 lx.
440 1757 532 1793 626.

374 1814 590 1859 squalebant
613 1814 684 1848 late
705 1813 960 1858 Phorcynidos
982 1825 1075 1848 arra
1095 1813 1283 1849 Medusae.

289 1868 380 1903 796.
413 1861 559 1913 ὄμματ’
584 1867 662 1902 Par.
684 1867 723 1902 E.
767 1864 981 1914 ἔκτειμείἀι
1004 1868 1081 1902 Par.
1107 1868 1143 1902 C.
1186 1862 1299 1913 ὄμμα
1321 1863 1554 1914 κεκῑιῑλιιὲιάι
1577 1867 1654 1902 Alit.

174 1922 262 1957 Roh.
303 1923 392 1957 Vera
414 1923 589 1969 scriptura
610 1923 645 1957 in
667 1924 796 1957 ceteris
818 1928 853 1957 ct
874 1923 967 1969 apud
988 1923 1156 1958 Thoinain
1179 1923 1222 1957 M.
1246 1935 1280 1969 p.
1305 1924 1397 1963 218,
1427 1924 1486 1959 18.

288 1979 379 2014 797.
409 1973 660 2024 μονώδοντες
679 1978 723 2012 M.
747 1979 844 2013 Bess.
960 1974 1033 2021 τὰς
1052 1979 1147 2025 Lips.
1171 1978 1299 2025 aliique
1321 1984 1355 2014 et
1376 1978 1454 2013 Ald.

285 2033 429 2068 Tzetzes
452 2033 539 2068 Chil.
561 2034 618 2068 III.
644 2034 736 2069 952.

368 2085 580 2137 Προτσίου
603 2084 760 2136 ἔχοντος
780 2083 925 2124 ὀστοῦν
943 2081 985 2123 ίἐν
1005 2084 1099 2131 τοὺς
1121 2083 1292 2132 ὀδόντας
1312 2085 1477 2133 πάντας,

374 2138 501 2194 ὥςπερ
521 2140 731 2191 Αἰσχύλος
752 2141 791 2179 ἐν
810 2156 915 2193 young(
926 2146 988 2187 αῖς
1009 2141 1072 2179 καὶ
1097 2141 1170 2186 τὰς
1194 2141 1401 2194 Φορκίόας
1421 2141 1533 2193 λέγει.

287 2200 378 2236 798.
408 2199 502 2234 Libri
525 2211 647 2235 omnes
671 2194 762 2235 οὔθ’
785 2196 809 2248 ἡ
832 2196 1029 2248 νύκτερος.
1080 2200 1197 2235 Delevi
1227 2201 1433 2242 articulum,
1465 2200 1654 2235 molestum

173 2255 207 2289 in
229 2255 388 2290 oratione
410 2261 551 2302 poetae.

286 2311 378 2346 800.
411 2305 730 2359 δρακοντόμαλω
753 2310 792 2344 G.
815 2310 943 2356 aliique
964 2310 1069 2356 pauci
1092 2316 1127 2345 ct
1147 2310 1224 2345 Ald.
1340 2311 1536 2359 γοργιῦιές
1557 2311 1595 2345 G.

283 2364 569 2412 sspozootvyofg
589 2365 684 2410 Lips.

287 2421 378 2456 802.
410 2421 566 2455 τοιοῦτο
588 2420 633 2454 M.
656 2419 783 2465 aliique
806 2425 841 2454 et
862 2419 950 2454 Rob.
994 2421 1176 2455 τοιοῦτον
1198 2420 1237 2455 G.
1259 2420 1327 2454 Vit.
1350 2421 1445 2466 Lips.
1469 2420 1596 2466 aliique
1619 2426 1654 2455 et

172 2476 249 2510 Ald.
291 2475 412 2510 Nullus
434 2475 523 2510 liber
542 2471 644 2521 μὰν,
673 2481 712 2509 ut
733 2474 842 2509 refert
863 2475 905 2509 dc
929 2475 967 2509 G.
991 2476 1057 2510 Yit.
1080 2475 1158 2510 ΑΜ.
1181 2476 1365 2516 Butlerus,
1390 2476 1452 2510 sed
1473 2476 1508 2510 lii
1531 2487 1653 2511 onmes

171 2527 245 2577 μὲν
271 2530 422 2571 liabent,
454 2531 492 2565 G.
523 2536 641 2565 tamen
671 2530 705 2564 in
727 2530 842 2565 litura.
884 2530 1083 2571 Elinslcius,
1109 2531 1203 2577 quod
1225 2532 1349 2577 tragici
1371 2531 1548 2566 rarissime
1570 2543 1654 2566 τοι-

173 2588 266 2621 οῦτο
296 2592 331 2621 et
358 2588 527 2621 τοσοῦτο
556 2591 748 2632 usurpent,
773 2585 997 2621 scribendum
1020 2586 1165 2632 putabat
1190 2588 1370 2621 τοιοῦτον
1392 2582 1430 2621 Ξ-’ν
1451 2598 1511 2622 σοι
1535 2588 1653 2622 τοῦτο

173 2637 368 2691 φρούριον
397 2637 508 2689 λέγω.
564 2641 804 2676 Confidentius
839 2641 882 2676 ad
913 2642 998 2676 Ocd.
1023 2642 1096 2676 Col.
1124 2644 1216 2677 790.
1242 2643 1398 2677 τοιοῦτο
1430 2648 1464 2677 et
1484 2644 1653 2678 τοσοῦτο

173 2708 320 2743 prorsus
342 2709 360 2732 a
382 2697 525 2743 tragicis
548 2696 768 2736 abiudicavit,
792 2697 942 2732 sortasse
966 2697 1059 2744 qnod
1074 2725 1081 2735 ,
1106 2697 1217 2732 sicubi
1239 2697 1295 2732 illa
1317 2697 1551 2738 inveniuntur,
1575 2709 1654 2732 nie-
