1878 3115
716 166 772 199 AD
798 165 1066 200 EVMENlDES.
1554 160 1636 199 597

268 267 360 304 278.
392 263 587 315 ἔκπλητον
606 268 684 304 Ald.
726 269 856 304 Eadem
877 280 957 304 mox
979 265 1189 305 τοταίνιον.

269 323 361 359 280.
386 317 658 371 χειροκτόνοις
678 324 766 359 Roh.
817 318 1094 373 χοιροκτόνοις
1120 335 1227 371 supra
1257 324 1437 371 adscripto
1461 335 1523 371 χει
1556 325 1633 360 Par.

155 382 246 412 teste
268 378 487 414 Boissonado
509 379 629 414 adnot.
652 380 685 414 in
708 380 911 415 Zachariam
933 379 1103 415 scholast.
1126 391 1162 426 p.
1180 380 1274 416 408.

267 434 359 471 282.
392 428 503 477 ὅσοις
529 435 572 469 M.
605 435 644 469 G.
667 435 744 470 Par.
777 435 862 470 Ven.
885 435 977 470 Flor.
1002 435 1090 470 Rob.
1153 427 1281 477 ὅςτοις
1301 434 1376 469 Ald.
1407 434 1501 470 unde
1531 427 1637 477 ὅςτις

152 488 285 524 infelici
307 490 514 525 coniectura
535 490 641 525 Turn.
757 484 923 538 ἀβλαβῆ
943 490 1019 525 Par.
1043 496 1079 525 et
1100 496 1180 525 ante
1203 490 1465 525 eoriectionem
1488 490 1527 525 G.

267 545 359 581 283.
391 542 581 594 καθαίρει
611 545 765 580 malebat
786 545 975 580 Stanleius.
1027 545 1159 580 Deinde
1190 539 1407 594 pojposomov
1426 545 1471 580 M.
1495 545 1534 581 G.
1556 545 1633 580 Ald.

152 599 240 635 Roh.
263 600 369 634 Turn.
424 611 465 648 γε
497 594 702 636 διδάσκων
723 601 807 636 Ven.
831 601 933 636 Farn.
957 606 993 636 et
1022 612 1063 649 γε
1086 612 1193 647 supra
1218 600 1399 647 adseiipto
1422 600 1516 636 Flor.

151 655 282 690 Nexum
301 655 443 690 turbare
461 655 555 690 hune
573 667 712 690 versum
735 661 770 691 et
791 656 833 691 ah
851 657 920 692 hoc
937 656 1017 691 loco
1035 656 1187 691 alienum
1206 667 1284 691 esse
1303 655 1367 690 dixi
1385 656 1419 690 in
1431 656 1563 702 Opusc.
1575 656 1630 691 Vl.

154 712 190 747 2.
208 722 243 757 p.
258 712 321 746 55.
347 721 423 756 seq.
473 710 667 745 Delendum
699 722 778 745 eum
808 722 887 746 esse
908 711 1041 746 viderat
1063 711 1130 746 iam
1152 711 1382 757 Musgravins.
1423 711 1634 757 Adscriptus

151 766 216 801 suit
232 766 275 800 ad
292 777 413 800 versus
427 766 519 802 277.
539 766 632 802 278.
670 765 798 801 Similis
816 778 938 801 versus
956 766 1049 812 apud
1067 766 1260 801 Stobaeum
1277 766 1418 801 CXXVI.
1438 767 1474 803 8.
1491 766 1631 813 legitur,

145 816 293 870 χρόνος
314 815 355 856 δ’
379 815 565 869 ἀμαυροῖ
578 814 710 857 πάντα
731 818 811 865 κείς
831 815 966 870 λήθην
985 815 1082 870 ἄγει.

264 877 356 913 287.
388 871 558 924 ἀργειίιιν
578 877 663 912 Veii.

265 933 357 969 289.
387 932 480 967 Libri
503 931 758 978 λιβυστικοῖς.
805 931 852 966 Ea
883 931 1042 967 adiectivi
1065 931 1176 966 fornia
1197 931 1392 978 Aeschylus
1414 942 1501 966 usus
1523 936 1578 966 est
1599 932 1633 967 in

151 987 276 1035 Suppl.
298 1000 328 1022 v.
347 988 439 1024 266.
464 994 499 1022 et
520 988 553 1022 in
577 987 852 1034 Myrmidonibus
874 987 916 1022 sr.
942 989 1029 1023 145.
1071 987 1216 1022 Tzetzes
1239 987 1282 1022 ad
1300 988 1475 1034 Lycophr.
1493 999 1523 1022 v,
1540 988 1631 1023 519.

150 1040 214 1079 καὶ
235 1038 446 1090 Αἷσχύλος
463 1042 654 1089 μυθικῶς
686 1037 785 1079 “εἷ’τ’
816 1037 921 1092 ἀμφὶ
947 1043 1082 1089 χεῦμα
1110 1040 1319 1090 γενεθλίου
1350 1036 1504 1091 σπόρου
1531 1038 1631 1091 Τρί-

148 1110 276 1141 τωνος
295 1096 337 1134 ἐν
356 1093 494 1141 τόποις
511 1095 797 1145 Λιβυστιόις,”
821 1099 866 1133 ita
889 1110 981 1134 enim
1004 1099 1148 1133 codices
1171 1099 1240 1133 duo
1264 1097 1537 1144 Vitebergenses
1555 1098 1632 1133 alii—

150 1166 219 1202 que
241 1160 277 1190 et
297 1154 488 1189 Favorinus
510 1155 545 1189 in
565 1166 596 1189 V.
620 1150 880 1202 τριγέννητος.
921 1156 1073 1189 Auratns
1095 1160 1131 1189 et
1153 1154 1382 1189 Casaubonns
1403 1153 1631 1189 scribendum

147 1215 318 1257 putarunt
337 1208 608 1257 Λιβυστικῆς.
657 1210 707 1245 Eo
729 1221 799 1245 non
822 1221 912 1257 opus
942 1216 1017 1245 est:
1043 1205 1185 1258 χώρας
1215 1210 1325 1250 enim,
1358 1214 1394 1244 ut
1423 1209 1565 1256 saepius
1596 1209 1630 1244 in

147 1266 349 1301 huiusmodi
372 1266 543 1306 formulis,
566 1265 733 1300 abundat.

261 1322 354 1358 290.
386 1315 623 1370 ἅμᾳιχεῧμα
644 1321 721 1356 Ald.
837 1316 992 1369 σπόρου
1013 1321 1171 1356 Tzetzes.

261 1378 354 1413 291.
386 1378 593 1425 κατηρεφῆ
612 1371 720 1412 πόδα
742 1376 769 1410 si
784 1376 1144 1423 scripsitAeschyluS,
1168 1387 1238 1411 non
1254 1375 1392 1411 videtur
1409 1374 1502 1410 alind
1519 1374 1631 1421 signi—

148 1432 255 1468 ficare
276 1433 437 1479 potuisse
460 1444 563 1478 quam
585 1432 712 1478 pedem
735 1431 827 1467 nube
850 1432 1037 1473 amictum,
1071 1438 1110 1466 ut
1138 1432 1208 1467 hoc
1231 1431 1373 1471 dixerit,
1406 1434 1481 1466 sive
1502 1432 1630 1477 palam

146 1490 336 1529 incedens,
364 1490 440 1524 sive
460 1490 575 1524 lateus
596 1500 697 1534 opem
716 1490 788 1535 fert
810 1489 957 1528 amicis,
991 1488 1267 1534 oppositumque
1298 1487 1343 1521 sit
1373 1480 1503 1535 ὀρθὸν
1521 1480 1630 1521 πόδα

146 1540 316 1588 τιθέναι,
338 1544 360 1579 i.
378 1554 409 1578 e.
432 1549 532 1578 recto
554 1543 644 1590 pede
666 1543 699 1577 in
723 1554 848 1590 campo
872 1549 978 1584 stare,
1001 1543 1094 1578 inter
1108 1543 1204 1590 ipsos
1220 1542 1348 1589 quibus
1365 1541 1542 1588 praesidio
1561 1546 1628 1576 est.

148 1599 351 1646 Comparari
381 1599 643 1645 quodammodo
665 1604 786 1646 potest
808 1599 903 1645 qnod
926 1598 1125 1645 Sophocles
1148 1599 1231 1633 dixit
1253 1599 1287 1633 in
1310 1597 1396 1633 Oed.
1420 1597 1460 1632 R.
1482 1609 1513 1632 ν.
1533 1598 1626 1634 419.

145 1650 348 1700 βλέποντα
378 1655 448 1690 νῦν
473 1650 547 1701 μὲν
574 1647 682 1703 ὄρθ’,
711 1650 846 1691 ἔπειτα
875 1651 919 1690 δὲ
949 1649 1105 1690 σκότον.
1160 1654 1199 1689 V.
1224 1653 1424 1700 Opusc.VI.
1445 1654 1480 1688 2.
1502 1664 1537 1699 p.
1561 1654 1625 1688 56.

146 1722 248 1756 seqq.
290 1710 360 1744 Vll.
382 1722 418 1756 p.
438 1711 474 1745 4.
497 1721 572 1756 seq.
614 1710 771 1744 Dubitari
797 1716 913 1744 tamen
933 1715 1054 1756 potest
1074 1721 1118 1744 an
1139 1721 1211 1744 non
1232 1709 1416 1754 scripserit
1432 1708 1627 1754 Aeschylus

147 1766 366 1814 κατηρεφῆ.
417 1765 459 1800 Et
487 1765 593 1799 videri
617 1770 737 1810 potest
756 1764 849 1799 aliud
870 1765 1002 1811 legisse
1024 1764 1235 1799 scholiastes
1258 1764 1316 1810 qui
1338 1764 1426 1798 haee
1447 1763 1494 1797 ita
1515 1763 1629 1797 inter-

146 1826 306 1868 pretatus
329 1826 401 1861 est,
433 1814 676 1865 καταβάλλει
697 1814 772 1869 γὰρ
794 1814 817 1868 ἢ
840 1814 974 1869 ὀρθοῖ,
1005 1820 1099 1866 qnod
1121 1819 1283 1854 scholion
1306 1830 1376 1853 non
1398 1818 1572 1853 invenitur
1592 1818 1627 1852 in

147 1877 190 1911 M.
215 1877 253 1912 G.
277 1876 339 1911 sed
359 1875 510 1910 Triclinii
534 1887 613 1911 esse
634 1875 783 1910 videtur.
832 1875 1023 1922 Bnrgesius
1045 1875 1274 1923 κατωςιερῆ,
1297 1874 1528 1919 similiterque
1550 1873 1628 1908 Fri—

146 1932 303 1967 tzschius
329 1931 496 1976 (Zwec'ler
527 1934 678 1977 anhany
700 1944 741 1966 zu
765 1932 806 1967 O.
830 1931 984 1967 Milllers
1007 1931 1232 1966 Eumeniden
1253 1942 1288 1976 p.
1309 1931 1388 1973 39.)
1419 1928 1627 1977 κατηᾳερῆ

146 1987 372 2022 scribendum
403 1998 482 2021 esse
512 1986 669 2027 censuit,
700 1991 739 2021 ut
768 1986 1026 2033 intelligeretur
1047 1986 1198 2021 Minerva
1228 1991 1288 2020 aut
1317 1991 1415 2020 stans
1449 1985 1541 2019 inter
1563 1995 1625 2018 eos

146 2043 273 2089 quibus
294 2042 471 2089 praesidio
493 2048 559 2083 est,
582 2048 642 2077 ant
665 2042 830 2077 deorsum
854 2053 895 2077 ex
915 2053 997 2077 aere
1014 2042 1140 2077 delata.
1177 2041 1298 2088 Neque
1316 2046 1413 2076 caret
1431 2041 1518 2075 haec.
1537 2051 1626 2074 con-

145 2099 278 2134 iectura
300 2097 562 2144 probabilitate.

260 2155 352 2190 295.
385 2154 499 2196 Quum
522 2153 606 2188 dicit
627 2146 735 2194 ὅπως
754 2148 920 2200 γένοιτο,
946 2157 1071 2198 optare
1093 2163 1131 2186 se
1153 2152 1211 2193 ait,
1244 2158 1282 2186 ut
1303 2151 1419 2186 veniat
1440 2151 1508 2190 illa,
1540 2161 1623 2196 quo,

145 2210 172 2244 si
196 2209 287 2249 velit,
311 2220 416 2255 opem
438 2208 540 2243 serat.
581 2208 620 2242 Υ.
644 2207 686 2242 ad
709 2207 820 2253 Soph.
843 2207 895 2241 Ai.
917 2219 948 2241 v.
974 2207 1089 2242 1222.
1206 2202 1334 2242 aava&
1350 2217 1418 2251 μοι
1443 2206 1544 2240 Farn.

259 2265 491 2300 296—303.
524 2263 596 2297 Hos
626 2273 748 2297 versus
778 2262 870 2296 inter
898 2267 970 2296 tres
992 2262 1114 2296 Furias
1145 2261 1409 2296 distribuendos
1431 2271 1511 2296 esse
1532 2259 1625 2294 indi-

145 2320 217 2354 cavi
239 2320 272 2354 in
295 2318 493 2365 Opusc.Vl.
514 2319 550 2354 2.
572 2329 606 2364 p.
625 2319 689 2353 61.

257 2375 350 2410 296.
383 2367 491 2415 οὔτις
511 2367 545 2408 σ’
577 2373 662 2407 Ven.
686 2373 788 2407 Farn.
820 2378 854 2406 et
883 2371 1064 2417 adscripto
1096 2372 1129 2406 in
1162 2372 1320 2417 margine
1350 2382 1410 2419 γρ.
1441 2363 1549 2405 οὗτοι
1580 2365 1625 2404 σὲ

144 2431 236 2465 Flor.
279 2429 410 2464 Deinde
432 2424 508 2463 ἀθι
508 2425 635 2475 ›tm'qg
654 2428 757 2463 Farn.
799 2422 1015 2474 ἀθηναίοις
1037 2427 1121 2461 Ven.
1147 2432 1183 2462 et
1203 2427 1246 2461 ad
1275 2426 1432 2461 ultimam
1455 2425 1623 2472 syllabam

144 2497 281 2532 snpia
272 2484 453 2548 adscripto
475 2495 522 2526 ας
543 2484 635 2518 Flor.

257 2541 350 2576 297.
380 2551 452 2588 ρου
459 2550 477 2581 ς
506 2551 545 2574 τε
576 2550 640 2585 pro
662 2530 758 2580 ιῖἱςτε
780 2537 856 2573 Α1(1.
880 2537 938 2583 qui
961 2542 1030 2572 tam
1053 2537 1162 2572 mirus
1184 2548 1284 2571 erior
1306 2548 1345 2571 ex
1367 2548 1409 2571 eo
1432 2540 1531 2571 ortus
1554 2542 1621 2575 est,

145 2596 239 2642 quod
270 2596 302 2629 in
326 2595 365 2629 G'.
389 2606 495 2640 quum
518 2594 679 2629 librarius
714 2593 877 2639 neglecto
909 2584 1004 2634 ιῖἱςτε
1027 2593 1230 2639 scripsisset
1250 2604 1327 2638 μη,
1358 2591 1475 2626 statim
1505 2597 1622 2625 niteni

145 2651 387 2686 animadxerso
409 2661 532 2685 errore
553 2650 644 2685 hane
665 2648 825 2684 sonulam
849 2654 1022 2686 mutasset
1042 2649 1076 2682 in
1098 2642 1221 2692 ὥστε,
1255 2647 1392 2682 confusi
1414 2647 1542 2682 duetus
1564 2647 1623 2681 lit-
