1878 3115
174 202 254 239 270
741 200 1085 238 ADNOTATIONES

291 312 351 347 19.
384 307 625 359 οἷκηστῆρας
646 308 684 343 G.
708 313 744 343 et
764 309 815 343 sie
837 313 898 343 aut
919 304 1170 357 οἷκιστῆρας,
1201 317 1281 342 nam
1303 307 1504 354 ambiguum
1527 313 1599 349 est,
1633 319 1652 342 e

174 367 398 402 correctione
419 365 514 411 Lips.
565 361 780 413 οἰκητῆρας
800 363 910 399 Mose.
934 365 969 399 2.
1000 365 1090 409 Aug.
1113 367 1148 398 et
1169 367 1250 397 ante
1273 363 1533 399 correctionem
1554 363 1651 410 Lips.

175 422 290 457 Ceteri
312 418 560 469 οἷκιστῆρας,
585 419 681 465 quod
701 420 982 466 interpretantur
1003 419 1144 465 glossae
1167 413 1380 467 οἰκήτορας
1401 423 1436 453 et
1456 415 1650 461 ἐποίκους.

173 478 250 512 Non
272 482 400 522 exputo
423 487 486 511 cur
515 472 745 523 οἷκιστῆρας
772 475 960 521 scripsisse
981 474 1195 521 Aeschylum
1218 473 1350 515 dicam,
1385 474 1557 509 vocabulo
1586 484 1653 509 nec

173 532 318 579 proprio
341 543 407 566 nee
430 531 524 577 quod
547 531 655 566 sciam
677 530 758 565 alibi
779 530 873 577 apud
893 531 1049 577 tragicos
1071 530 1226 564 invento.
1285 529 1523 564 Blomfieldius
1546 540 1654 575 quum

174 587 405 633 Aeschylum,
442 587 470 621 si
500 586 612 621 altero
642 587 693 621 uti
713 586 902 627 voluisset,
941 579 1154 635 οἰκήτορας
1173 585 1291 632 potius
1314 596 1419 632 quam
1441 582 1656 634 οἰκητῆρας

176 644 352 679 dicturum
373 642 481 677 fuisse
503 642 656 688 putavit,
680 653 751 677 non
772 642 981 677 meminerat
1002 638 1195 690 οἷκητῆρα
1215 641 1387 687 scriptum
1408 641 1443 676 in
1465 639 1654 687 Sophoclis

176 699 262 734 Oed.
286 698 360 733 Col.
382 710 413 733 V.
439 699 531 734 627.
590 697 682 732 Nihil
710 697 916 744 proficimus
946 697 1172 732 Schwenckii
1201 696 1429 737 defensione,
1467 696 1654 731 inusitatos

175 754 394 801 significatus
415 765 434 788 a
455 753 598 799 tragicis
621 753 756 799 captari
776 754 1017 788 memorantis.
1051 752 1167 795 Quare
1181 763 1299 787 veram
1314 752 1525 798 scripturam
1543 748 1654 798 οἴκη-

175 811 301 858 τῆρας
322 820 401 844 esse
423 809 595 850 arbitror,
617 815 788 844 mutatam
810 820 932 844 errore
953 809 1087 855 antiqui
1107 807 1237 843 librarii
1258 808 1293 842 in
1313 808 1476 843 usitatius
1498 806 1656 843 vocabu-

176 858 683 913 111111.ασπιὸοᾳορους
703 864 791 899 Rob.

291 920 355 956 20.
386 916 556 968 γένησθε
579 920 617 955 G.
640 920 749 955 Mose.
770 921 806 956 2.
837 919 914 954 Par.
934 919 970 953 E.
994 918 1093 953 Vind.
1114 919 1297 954 1.2.3.4.
1328 918 1404 953 Ald.
1435 917 1541 952 Piirn.

177 976 260 1022 Sing,
252 976 310 1010 nl
312 987 353 1010 111
383 976 593 1011 attiactione
623 975 755 1010 dictum
784 980 839 1010 est
866 968 1033 1015 πιστοὺς
1062 966 1385 1022 ὅπωςᾳένοισθε.
1444 973 1483 1008 V.
1506 972 1550 1008 ad
1571 972 1654 1007 Eur.

177 1032 253 1079 lph.
276 1031 378 1065 Taur.
401 1043 431 1065 v.
457 1032 549 1067 925.

291 1088 355 1122 21.
386 1081 460 1132 μὲν
480 1085 647 1121 omittunt
667 1086 752 1121 Ven.
768 1087 808 1120 A.
832 1085 893 1120 Ox.
915 1085 993 1120 Ald.
1097 1085 1146 1119 Ex
1166 1084 1244 1120 Par.
1261 1084 1300 1119 E.
1323 1095 1367 1120 το
1389 1079 1462 1119 σὸν
1482 1076 1526 1117 δ”
1548 1082 1656 1118 affer-

178 1148 246 1178 tur.
387 1137 470 1176 ἐποι
493 1141 560 1176 Vit.

290 1198 354 1233 22.
362 1136 463 1244 ρἤη
494 1196 625 1231 omittit
652 1195 762 1230 Mose.
786 1196 819 1231 1.
848 1206 913 1242 pro
944 1206 1014 1241 quo
1044 1195 1194 1230 alterum
1224 1195 1407 1230 nominant
1427 1193 1591 1229 Butlerus
1621 1198 1657 1228 et

176 1252 413 1288 Wellauerus.
528 1247 647 1288 τάνδε
669 1247 1202 1299 Α111.πυουρουμειοις
1222 1251 1261 1286 G.
1285 1249 1450 1285 Cantabi.
1467 1251 1500 1285 1.
1522 1249 1600 1284 Pai.
1616 1249 1655 1284 L.

290 1309 354 1344 23.
387 1303 509 1350 καὶὸς
529 1308 552 1343 C
557 1306 693 1342 antahi.
709 1308 744 1343 2.
841 1302 1026 1354 πολέμιος
1045 1307 1122 1342 Par.
1140 1307 1178 1342 L.
1202 1307 1273 1341 sive
1294 1299 1459 1351 πόλεως,
1480 1310 1520 1340 ut
1541 1305 1657 1340 Faeh-

177 1364 250 1399 51115
273 1364 368 1399 dicit.
485 1366 605 1411 κυροῖ
619 1363 696 1397 Par.
716 1363 757 1397 K.

292 1420 356 1455 24.
389 1415 486 1468 φησὶ
509 1419 604 1465 Lips.
702 1418 828 1464 Incipit
848 1422 887 1453 ut
907 1417 1037 1452 usit-ita
1058 1418 1195 1453 uitione
1218 1417 1375 1452 dicturus
1399 1410 1452 1458 (ὃς
1473 1410 1493 1452 ὃ
1513 1409 1658 1463 μάντις

178 1471 276 1523 (pyrri
299 1472 636 1523 ιυκτηγορεΐσθαι
656 1470 848 1521 μεῃίστην
867 1466 1108 1523 προςβοὶην,
1131 1473 1194 1508 sed
1215 1473 1332 1508 statim
1354 1477 1478 1507 mutat.

292 1531 357 1566 25.
389 1530 509 1576 νωμῶ
529 1529 617 1564 Rob.
715 1525 832 1577 φρεσὶ
854 1528 899 1563 Μ.
923 1529 962 1563 G.
985 1529 1051 1563 Vit.
1072 1530 1168 1575 Lips.
1191 1528 1356 1564 Cantabr.
1374 1530 1406 1564 1.
1421 1528 1456 1563 2.
1474 1526 1564 1562 Rob.

178 1580 306 1634 πυρὸς
327 1581 419 1632 δίχα
441 1586 469 1620 51
490 1585 686 1631 Aeschylus
709 1585 759 1620 sic
782 1584 947 1629 dixisset,
980 1589 1020 1619 ut
1040 1584 1208 1619 Tiresiam
1229 1595 1301 1619 non
1323 1594 1363 1618 ex
1384 1583 1465 1629 igne
1486 1582 1656 1617 vaticina-

180 1647 254 1676 tum
277 1641 511 1687 significaret,
533 1641 718 1687 perinepte
740 1640 858 1686 ignem
880 1645 1217 1681 commemorasset,
1248 1639 1307 1674 uhi
1327 1639 1447 1685 potius
1469 1638 1544 1673 sine
1567 1648 1657 1672 oeu-

180 1697 295 1732 lorum
316 1697 447 1732 lumine
467 1696 564 1731 illum
584 1696 722 1731 volatus
743 1696 855 1731 avium
876 1700 1021 1730 notasse
1043 1695 1230 1731 dicendum
1253 1700 1340 1730 erat.
1390 1694 1468 1729 Non
1490 1693 1658 1729 dissensit

179 1752 374 1799 Aeschylus
397 1752 438 1787 al]
462 1752 642 1798 Sophocle
662 1752 698 1786 in
718 1752 895 1797 Antigona
915 1763 946 1785 v.
970 1752 1087 1787 1005.
1110 1756 1217 1797 atque
1240 1749 1405 1797 Euripide
1427 1750 1463 1784 in
1482 1748 1657 1784 Phoenis—

182 1808 229 1842 sis
252 1820 282 1842 v.
307 1809 399 1844 954.
423 1807 486 1843 sed
508 1807 603 1854 quod
625 1807 708 1842 dixit
727 1801 853 1855 πυρὸς
875 1803 967 1853 ὁιχα
988 1811 1044 1841 est
1058 1814 1208 1853 fir-aete]
1229 1807 1340 1852 siqua
1361 1817 1405 1842 θα)
1425 1808 1510 1851 iyne
1532 1810 1655 1851 capta,

180 1869 218 1898 ut
240 1860 331 1910 ‹tl-Aa
354 1859 466 1898 σίτου
489 1863 619 1898 dictum
648 1867 702 1897 est
722 1874 740 1897 a
762 1862 927 1909 Dionysio
950 1862 1060 1897 Halic.
1080 1867 1150 1897 ant.
1162 1862 1262 1917 Rom.
1275 1862 1345 1896 V11.
1364 1862 1423 1897 19.
1434 1872 1469 1907 p.
1487 1862 1603 1901 1357,
1619 1862 1655 1896 7.

295 1920 358 1954 25.
391 1913 552 1965 ἀψευδῆ
574 1919 683 1953 Mose.
705 1921 737 1954 1.
758 1919 794 1953 2.

295 1974 359 2009 27.
391 1974 510 2008 τοιῶν
528 1976 618 2019 Aug.
734 1967 930 2019 δεσπότης
949 1969 1112 2007 wicarde
1135 1972 1234 2007 Colb.
1256 1974 1288 2008 1.
1311 1972 1388 2006 Par.
1406 1971 1446 2006 N.

296 2029 361 2064 28.
393 2022 557 2074 ἆχαιιύα
578 2028 622 2062 Μ.
644 2028 710 2062 Vit.
732 2028 827 2073 Lips.
852 2027 1015 2062 Cantabr.
1040 2029 1072 2062 1.
1090 2028 1126 2062 2.
1149 2027 1226 2061 Par.
1245 2027 1281 2061 B.
1306 2027 1390 2061 Ven.
1407 2026 1444 2060 B.

295 2084 359 2119 29.
392 2081 714 2131 ιυκτφοοεῖσθαι
736 2082 830 2128 Lips.
853 2082 930 2116 Par.
949 2082 988 2116 E.
1085 2076 1495 2126 κάπιβουὶεύσειννίῑ.
1514 2081 1654 2128 aliique,

184 2144 221 2173 ut
242 2138 397 2179 sidetm,
421 2138 563 2173 codices
586 2143 620 2173 et
640 2138 716 2173 Ald.
739 2137 827 2172 Rob.
849 2137 954 2171 Turn.
996 2130 1195 2182 κάπιβου)
1199 2130 1301 2172 δύσει
1322 2136 1417 2182 Lips.
1459 2130 1657 2183 κάπιβου-

183 2187 268 2228 ὶείε
273 2206 308 2228 ιν
328 2194 372 2228 Μ.
396 2194 434 2228 G.
457 2194 589 2228 Arund.
613 2193 778 2228 Cantabr.
798 2195 829 2228 1.
852 2193 961 2227 Mose.
976 2193 1012 2228 2.
1034 2192 1112 2227 Par.
1124 2193 1162 2227 L.
1184 2192 1270 2227 Ven.
1282 2192 1320 2226 B.
1344 2191 1442 2226 Vind.
1460 2193 1492 2227 1.
1507 2193 1542 2228 3.
1561 2192 1658 2238 quod

183 2260 378 2295 agnoscere
399 2249 561 2283 videntur
582 2249 687 2284 etiam
709 2248 940 2289 scholiastae,
974 2248 1032 2294 qui
1051 2241 1325 2294 βουλευέσθω
1347 2252 1382 2282 et
1402 2241 1657 2294 ἐπιβουλεύε-

183 2303 284 2339 σθαι
313 2305 604 2351 interpretantur.
664 2304 833 2339 Praetulit
858 2315 1028 2350 praesens
1058 2303 1296 2338 Blomfieldius
1326 2314 1418 2344 non,
1454 2308 1495 2338 ut
1523 2308 1657 2338 temere

182 2360 404 2395 Wellauerus
427 2360 484 2401 ait,
509 2361 583 2395 sine
605 2371 742 2395 caussa.
773 2359 809 2394 Si
827 2359 909 2406 quid
929 2359 1135 2394 mutandum
1157 2363 1265 2400 esset,
1288 2358 1404 2405 aptius
1425 2358 1543 2394 futuro
1560 2363 1657 2393 esset

184 2409 509 2462 κάπιβουλεῦσαι.

297 2472 359 2507 30.
404 2465 473 2507 τό)
466 2483 544 2517 ας,
573 2471 752 2518 adscripto
782 2477 899 2506 tamen
928 2465 1007 2505 πύλ
999 2481 1075 2516 .ας,
1104 2469 1182 2504 Par.
1213 2469 1252 2504 E.
1386 2462 1659 2532 πυργημάτων

184 2526 293 2560 Mose.
312 2527 347 2562 2.
463 2527 515 2561 Ad
542 2527 682 2562 ultimas
713 2526 864 2573 syllabas
890 2525 1144 2561 vocabulmum
1171 2519 1301 2566 πύλας
1322 2529 1357 2559 et
1377 2517 1659 2573 πυργωμάτων

185 2581 217 2614 111
240 2582 282 2615 M.
306 2592 323 2616 a
344 2582 543 2617 recentiore
565 2594 669 2617 manu
691 2594 797 2628 supra
819 2582 1036 2628 adscriptum
1057 2586 1112 2616 est
1133 2581 1189 2616 ῶν
1204 2586 1293 2625 eta,
1316 2585 1351 2615 et
1370 2579 1500 2626 legisse
1521 2577 1658 2614 πυλῶν

184 2630 433 2683 πυργώματα
454 2637 590 2672 videtur
610 2638 842 2679 scholiastes,
881 2638 940 2684 qui
960 2637 1252 2686 προμαχεῶνας
1279 2636 1544 2682 interpretatur.
1586 2633 1656 2668 De-

185 2690 277 2725 scnili
299 2691 435 2737 vulgata
455 2697 576 2738 potest
596 2705 626 2728 v.
647 2694 710 2730 33.
