1878 3115
231 195 308 231 146
792 194 1153 235 ΑυΝΟΤΑΤιοΝΕε,

225 305 289 340 48.
313 302 429 337 dicere
451 302 538 336 haec.
556 300 778 340 Mercurium,
802 304 839 334 ut
861 309 951 344 quae
971 299 1024 333 vix
1045 309 1211 344 umquam
1233 299 1447 345 sperandum
1469 298 1513 333 sit
1534 304 1700 333 eventura

225 369 324 398 esse;
347 369 426 392 nam
448 356 549 390 aliter
570 366 661 395 eum,
686 354 781 400 quod
802 359 919 389 tamen
940 354 1039 395 nolit,
1062 364 1162 400 spem
1183 353 1334 400 aliquam
1350 354 1568 389 liberationis
1584 354 1701 390 facere

225 413 449 448 Prometheo.
492 412 655 445 Ceterum
677 409 791 450 facile,
815 409 874 456 qui
894 411 1047 444 animum
1068 409 1237 450 advertat,
1260 421 1304 444 ne
1325 410 1415 444 hane
1438 409 1579 456 quidem
1599 409 1703 445 sabu-

226 470 294 504 1011]
322 473 455 502 temere
484 466 659 500 inventam
690 476 769 500 esse
801 465 942 500 sentiet.
991 465 1173 511 Significat
1202 465 1294 500 enim
1322 465 1605 512 periclitantibus
1636 476 1702 500 nec

226 534 367 569 semper
394 522 484 556 hene
507 520 715 556 cedentibus
738 521 891 555 sollertis
913 521 1042 567 ingenii
1063 520 1214 567 repertis
1237 521 1354 567 perire
1378 531 1467 567 quae
1489 531 1595 555 manu
1616 521 1704 555 effe-

226 585 281 614 cta
303 578 389 618 sint,
419 577 546 611 mentis
577 582 694 611 autem
714 576 781 611 vim
802 588 944 611 manere
966 576 1214 611 immortalem.
1254 576 1331 611 Non
1353 575 1521 611 dissimile
1543 581 1598 610 est
1618 575 1704 611 illud

225 633 452 668 Homericum
482 632 523 667 de
545 632 717 673 Hercule,
749 632 849 667 cuius
878 632 1036 667 mortalis
1068 637 1192 667 natura
1223 632 1450 667 simulacrum
1472 642 1575 666 suum
1597 631 1704 666 habet

226 689 318 735 apud
339 688 484 729 inferos,

763 737 885 784 αὐτὸς
905 738 948 778 δὲ
966 737 1050 788 μετ’
1073 737 1314 777 ἀθανάτοισι
1336 741 1492 778 θεοῖσιν

423 793 607 847 τέρπεται
629 794 668 833 ἓν
688 794 848 846 θαλίῃς,
871 795 935 832 καὶ
957 793 1032 844 ἔχει
1053 795 1328 847 καλλίσφυρον
1338 791 1488 845 ἽΙβην.

342 854 459 889 1032.
492 855 605 902 (μονῇ
628 849 692 887 καὶ
715 849 876 901 θελήσει
899 848 930 888 τ’
954 854 1050 900 Lips.
1165 849 1321 902 θελήσῃ
1351 849 1391 888 δ”
1418 853 1581 888 Cantabr.
1610 854 1642 888 1.
1667 854 1702 889 2.

225 904 386 956 θελήσει
416 903 448 944 τ’
481 909 547 943 Vit.
581 909 658 943 Par.
680 911 720 943 A.
744 909 780 943 B.
810 909 887 943 Ald.
918 908 1006 943 Rob.
1061 904 1209 958 τλήσῃ,
1240 920 1320 944 cum
1350 909 1469 955 glossa
1497 903 1704 957 ὑπομείνῃ,

226 965 335 999 Mose.
364 966 396 999 1.
538 963 614 999 Non
637 964 766 998 omittit
794 961 848 1006 εἷς
867 964 911 999 Μ.
944 964 1007 999 sed
1027 964 1071 999 ad
1092 959 1317 1012 ἀναύγητον
1337 975 1446 1011 super
1464 975 1487 1012 γ
1507 964 1659 999 litteram
1682 960 1706 997 ὃ

226 1020 407 1055 recentior
427 1030 551 1054 manus
573 1019 773 1065 adscripsit.

343 1076 459 1110 1033.
491 1086 614 1123 κνεμᾳ
626 1076 693 1109 αΐα
714 1070 745 1110 τ’
764 1070 868 1123 ἁμαὶ
886 1075 980 1120 Lips.
1013 1075 1182 1123 κνεᾳταΐα
1198 1069 1303 1124 ἀμφὶ
1320 1075 1388 1109 Vit.

346 1131 460 1166 1035.
492 1124 512 1165 ὁ
544 1130 711 1165 omittunt
740 1130 816 1165 Par.
840 1130 879 1164 Ε.
913 1130 1011 1164 vind.
1037 1131 1072 1166 2.
1096 1132 1133 1165 4.
1164 1130 1241 1165 Λ111.
1265 1130 1353 1165 Rob.
1469 1126 1534 1165 καὶ
1556 1126 1666 1165 λείαν
1686 1141 1703 1165 a

226 1198 279 1232 pr.
302 1197 407 1220 manu
428 1185 595 1219 habuisse
616 1185 754 1219 videtur
774 1185 819 1219 M.
862 1181 925 1219 καὶ
948 1181 1037 1219 λίαν
1056 1180 1087 1219 τ’
1112 1185 1207 1231 Lips.

342 1242 458 1277 1036.
486 1243 603 1277 1037.
636 1240 854 1275 Scholiastes
875 1240 1013 1275 Pindari
1035 1240 1078 1275 ad
1100 1240 1152 1275 Ol.
1175 1241 1229 1275 VI.
1253 1242 1341 1276 105.
1365 1240 1439 1275 sine
1461 1241 1617 1276 auctoris
1639 1251 1705 1275 no-

225 1297 317 1331 mine
339 1297 427 1331 haec
450 1296 563 1337 affert,
585 1293 853 1344 ψευδηγορεῖν
872 1292 948 1345 γὰρ
971 1291 1042 1330 οὐκ
1065 1291 1271 1331 ἐπίσταται
1293 1291 1426 1342 στόμα
1447 1291 1491 1332 τὸ
1514 1295 1640 1331 θεῖον.

344 1353 460 1387 1037.
492 1350 616 1386 τελεῖν
637 1352 698 1386 Ox.
720 1352 797 1386 Ald.
821 1352 915 1397 quod
937 1351 1116 1386 adnotavit
1138 1352 1241 1387 etiam
1263 1351 1460 1386 Turnebus.

343 1408 460 1443 1038.
491 1402 717 1453 πάμπταινε
739 1407 832 1453 LiPS.

343 1463 460 1498 1039.
492 1457 674 1504 εὗοιλιάς
695 1468 729 1497 et
750 1474 780 1496 v.
808 1463 924 1498 1042.
947 1456 1131 1498 εὐσυλίαν
1151 1462 1245 1509 Lips.
1361 1456 1522 1509 ἄμεινον
1542 1462 1586 1497 Μ.
1609 1474 1627 1498 a
1648 1473 1703 1509 pr.

227 1528 332 1551 manu
355 1522 389 1551 et
411 1517 476 1551 vit.
519 1512 690 1564 ἀμείνων
713 1518 751 1552 G.

345 1574 463 1608 1041.
495 1583 556 1607 σοι
578 1584 643 1619 pro
666 1584 708 1607 σε
729 1573 824 1619 LiPS.

340 1628 528 1662 Sclii'itzius
544 1629 632 1663 haee
650 1628 768 1669 verba,
787 1622 911 1675 ἄνωγε
932 1622 1007 1676 γάρ
1029 1639 1071 1663 σε
1092 1623 1164 1675 τὴν
1186 1622 1393 1662 αὐθαδίαν
1410 1622 1570 1674 μεθέντ’
1595 1624 1705 1677 ἔρευ-

227 1684 298 1717 νᾶν
318 1679 390 1731 τὴν
409 1679 541 1732 σοφὴν
561 1679 785 1729 εὐβουλίαν.
816 1681 984 1727 πείθου,
1007 1683 1210 1729 interpretis
1232 1694 1311 1718 esse
1334 1683 1594 1729 suspicabatur.
1635 1684 1705 1718 Re—

228 1743 283 1772 cte
306 1739 471 1773 sortasse.

344 1795 459 1829 1043.
491 1792 617 1828 πιθοῦ
639 1794 802 1828 Cantahr.
822 1795 855 1829 2.
879 1794 956 1828 Par.
980 1794 1016 1828 L.
1040 1794 1140 1828 Vind.
1165 1795 1200 1830 2.
1225 1796 1261 1830 4.
1286 1794 1379 1840 quod
1403 1805 1443 1829 ex
1464 1794 1618 1829 Elmsleii
1641 1794 1707 1830 de-

228 1854 325 1883 creto
348 1849 586 1884 Blomfieldius
607 1850 755 1895 recepit.
798 1850 836 1884 V.
860 1849 903 1884 ad
925 1849 1034 1895 Soph.
1058 1849 1109 1884 El.
1132 1861 1162 1884 v.
1186 1851 1303 1886 1003.

344 1907 460 1940 1044.
500 1905 572 1938 Hos
601 1911 811 1950 anapaestos
842 1916 954 1951 usque
984 1905 1027 1939 ad
1056 1905 1161 1939 linem
1190 1905 1328 1940 fabulae
1359 1905 1563 1939 antithetica
1594 1905 1705 1940 forma

228 1959 341 1993 factos
364 1960 508 1993 indicavi
531 1959 562 1993 111
586 1960 637 1993 El.
661 1960 774 1994 doctr.
797 1966 900 1994 metr.
922 1972 957 2005 p.
979 1962 1069 1996 784.

340 2009 460 2048 εἶὸότι
481 2025 570 2059 μοι,
593 2014 724 2048 omisso
746 2026 819 2058 τοι,
841 2015 936 2060 Lips.
959 2015 1086 2061 aliique
1109 2021 1144 2049 et
1165 2015 1254 2049 Rob.
1296 2009 1371 2050 εἷθ’
1397 2008 1456 2050 ὅτι
1477 2027 1546 2061 μοι
1569 2016 1608 2050 G.
1649 2011 1705 2049 εἷ-

230 2064 316 2104 (lotz
339 2081 375 2103 τι
396 2080 464 2114 μοι
487 2069 584 2103 Bess.
627 2065 705 2103 εἶδε
725 2065 766 2103 τί
781 2080 849 2115 μοι
872 2069 948 2103 Ald.

346 2125 463 2159 1045.
495 2119 673 2166 ἕθώϋξεν
692 2124 736 2158 Μ.
778 2119 930 2167 &mange
953 2125 992 2159 G.
1014 2124 1082 2159 Vn.
1104 2125 1199 2171 Lips.
1223 2124 1302 2159 edd.
1324 2130 1408 2159 vett.

345 2181 462 2215 1047.
494 2174 726 2227 πρὸσταῦτ),
747 2179 873 2214 litteris
895 2190 944 2214 στ
965 2191 983 2214 a
1003 2191 1076 2214 rec.
1099 2192 1216 2221 manu,
1240 2180 1284 2214 M.
1400 2175 1466 2214 ε’πί
1480 2190 1548 2227 μοι
1571 2173 1704 2230 ῥιπτέ-

228 2233 321 2269 σθω
343 2234 429 2278 (11011
451 2228 686 2283 &arafa-310)
709 2235 752 2269 Μ.
794 2230 849 2270 ἐπ’
875 2235 1041 2270 omittunt
1062 2236 1100 2270 G.
1123 2236 1232 2270 Mosc.
1253 2236 1289 2271 2.
1310 2235 1388 2270 Ald.

346 2291 463 2326 1048.
492 2285 728 2339 βόστρτᾳος
747 2290 842 2336 Lips.
959 2286 1107 2339 αἰθέρα
1129 2286 1168 2325 δ’
1187 2291 1254 2325 vit.

345 2347 462 2381 1049.
490 2347 606 2382 1050.
645 2342 846 2396 σφακέλῳ.
875 2340 907 2381 τ’
931 2340 1080 2395 ἀγρίων
1106 2340 1138 2381 τ)
1164 2341 1319 2393 ἀνέμων
1340 2346 1379 2381 G.
1401 2345 1478 2380 Ald.
1593 2344 1704 2381 πυθ-

227 2395 331 2445 μίων
351 2400 445 2446 Lips.

344 2458 461 2492 1053.
492 2450 729 2503 συγχώσειεν
748 2456 792 2490 Μ.
841 2451 1054 2503 συγχώσειε
1078 2457 1142 2491 vit.
1173 2456 1223 2500 (in
1253 2468 1323 2503 quo
1353 2456 1396 2491 ab
1424 2456 1619 2503 interprete
1640 2467 1703 2491 su-

229 2511 468 2556 perscriptum
489 2507 571 2557 ἕμέ)
594 2511 700 2546 Turn.
723 2512 812 2546 vict.
856 2507 1094 2559 συγχώσειεν
1122 2508 1189 2558 ἐμὲ
1219 2513 1257 2547 G.
1288 2512 1382 2559 Lips.
1406 2512 1467 2547 Ox.
1497 2512 1576 2547 Par.
1599 2511 1637 2546 D.
1660 2511 1700 2546 N.

230 2564 327 2599 Bess.
350 2566 425 2600 Ald.
456 2566 732 2612 adnotatumque
762 2567 796 2601 in
817 2567 895 2601 Par.
913 2567 950 2601 B.
991 2562 1202 2615 συγχώσειε
1225 2563 1292 2614 ἐμὲ
1312 2568 1390 2602 Par.
1412 2568 1449 2602 B.
1490 2561 1708 2615 συγχώσειέ

228 2630 277 2664 με
300 2619 384 2655 Vcn.
400 2622 435 2656 2.
476 2616 688 2667 συγχώσει)
712 2619 779 2669 ἐμὲ
799 2621 927 2657 Par.E.
950 2622 1051 2657 vind.
1065 2624 1100 2659 2.
1114 2624 1150 2659 4.
1192 2618 1384 2671 συγχώσει
1403 2634 1453 2669 με
1475 2621 1563 2657 Rob.
1604 2632 1702 2670 συγ-

223 2669 388 2719 χώσειεν
407 2672 503 2721 ἐμοῦ
522 2675 608 2710 ch.
636 2678 668 2712 1.
