1878 3115
222 189 304 229 418
785 189 1127 223 ADNOTATIONES

224 311 309 340 esse,
332 309 423 346 quae
442 298 547 344 fidem
567 297 735 332 haberem
753 294 949 330 mirabilia
969 294 1172 334 nuntianti,
1195 299 1225 329 et
1247 298 1366 329 tamen
1386 305 1461 330 non
1480 295 1600 330 minus
1621 306 1697 330 crc-

224 356 323 395 auli,
347 355 409 401 qui
426 364 481 388 me
500 353 780 398 vituperabant,
800 361 910 386 sacra
930 361 1007 385 cum
1028 351 1133 385 laetis
1154 350 1478 385 acclamationibus
1498 350 1697 396 faciebant.

227 406 424 450 Θέσκελος
444 407 539 454 quod
560 417 631 441 non
652 405 744 447 alibi,
768 405 864 452 quod
879 405 999 445 sciam,
1022 404 1115 452 apud
1133 404 1286 451 tragicos
1301 404 1485 446 invenitur,
1507 405 1695 446 neminem,

222 464 431 511 praesertim
452 463 487 497 in
507 462 694 508 Aeschylo,
717 460 924 496 morabitur.
975 460 1121 495 Constat
1149 466 1266 495 autem
1295 470 1337 495 ea
1366 471 1453 495 voce
1482 460 1698 496 admirabilia

224 526 258 555 et
279 518 496 555 incredibilia
517 517 718 564 significari.
758 517 798 552 V.
821 517 860 552 11.
883 516 940 551 ΙΙΙ.
970 517 1057 552 130.
1079 515 1196 551 XXIII.
1219 518 1308 552 107.
1331 516 1395 551 Od.
1418 515 1473 550 Xl.
1493 517 1585 552 373.
1605 517 1696 552 609.

338 576 428 611 572.
461 574 571 609 Recte
601 578 776 608 commate
805 573 1070 618 interpunctum
1100 577 1155 607 est
1174 576 1258 618 post
1278 566 1403 607 ἔθυον
1429 571 1464 606 in
1486 571 1698 606 editionibus
1737 610 1750 621 ·

223 631 311 666 Vict.
339 636 374 665 et
396 630 494 665 Cant.
532 629 619 664 Male
642 628 830 669 StanleiuS,
853 622 980 663 ἔθυον
999 627 1214 674 singularem
1236 638 1315 663 esse
1336 632 1445 668 ratus,
1470 627 1538 662 coli
1559 627 1698 673 signum

223 686 363 733 posuit:
388 685 483 732 quod
504 684 617 720 secuti
639 688 721 719 sunt
742 684 809 719 alii.
846 683 972 718 Totum
993 683 1088 719 hunc
1108 694 1249 719 versum
1270 682 1378 718 habet
1398 682 1552 729 scriptor
1569 681 1699 718 Christi

224 742 390 789 patientis
411 753 442 777 V.
463 741 526 777 78.

339 799 430 833 573.
462 789 704 844 ὀλοὶυγμὸν,
736 800 771 830 et
791 806 823 830 ω
852 805 961 840 super
981 794 1139 830 secundo
1161 805 1203 839 0,
1233 793 1326 829 Flor.
1376 793 1505 828 Christi
1532 793 1697 840 patientis

224 853 378 899 scriptor
407 846 509 886 ἀλα)
501 846 643 899 αγμὸν
669 850 798 897 legisse
825 849 983 891 Videtur,
1015 861 1122 896 quum
1152 849 1335 895 scripserit
1363 861 1393 884 V.
1415 851 1477 885 79.
1507 849 1644 897 ψυχης
1664 860 1686 883 τ

225 903 401 955 ἔπεμπον
421 902 471 942 ἀ)
476 905 524 941 a)
517 919 569 953 α)
572 901 657 952 μὸν
678 902 719 940 ἐκ
737 900 874 952 μέσης.

338 965 429 999 574.
461 957 612 997 ἔνθ-ἔων
631 961 720 995 vict.
776 959 826 994 Ab
847 961 979 994 Aurato
1010 959 1149 1005 accepit
1177 958 1354 994 Stanleius
1381 955 1421 994 ἐν
1440 957 1569 1004 θεῶν,
1603 959 1698 1005 quod

224 1025 278 1054 est
299 1019 333 1053 in
355 1018 448 1053 Flor.
471 1017 574 1052 Fara.
615 1016 811 1062 virgulam,
836 1026 925 1061 quae
946 1020 1029 1061 post
1051 1010 1185 1063 ἕδραις
1204 1015 1319 1061 posita
1341 1020 1436 1055 erat,
1468 1020 1551 1061 post
1571 1008 1698 1063 εὐφη-

222 1075 391 1120 μοῦντες
418 1078 518 1107 recte
547 1071 668 1118 posuit
698 1071 906 1111 Schiitzius‚
942 1070 1106 1117 languide
1138 1076 1255 1105 tamen
1283 1070 1443 1105 inserens
1472 1064 1515 1105 θ’
1547 1075 1629 1117 post
1659 1067 1700 1105 ἐν

224 1128 273 1164 θε
262 1130 344 1164 ῶν.
404 1128 519 1163 Editio
551 1127 777 1173 Glasguensis
806 1138 837 1161 a.
866 1127 983 1162 1795.
1021 1137 1110 1172 quae
1145 1125 1233 1160 salso
1270 1125 1491 1161 t1ibuebatur
1523 1126 1696 1166 Porsono,

224 1180 396 1234 i-''dpacg
380 1196 420 1219 εν
440 1182 561 1227 θεῶν,
585 1188 708 1218 contra
729 1182 878 1217 Porsoni
900 1181 942 1217 de
964 1181 1123 1216 trimetro
1145 1187 1349 1228 plaecepta.

339 1240 429 1275 575.
477 1238 640 1285 Scriptor
674 1238 744 1273 Clu
747 1243 802 1272 isti
837 1237 1002 1284 patientis
1039 1249 1070 1271 ν.
1098 1238 1161 1274 81.
1198 1230 1418 1286 θυηφάγον
1450 1229 1632 1286 φέρουσά
1663 1231 1695 1271 τ’

224 1288 354 1341 εὕωὸη
378 1289 472 1344 <p762
476 1305 522 1338 α,
546 1299 584 1329 ut
604 1294 762 1329 Videatui
783 1289 971 1342 φέροντες
991 1293 1132 1339 legisse.
1173 1292 1266 1327 Iibli
1288 1293 1514 1338 κοιμῶντες,
1537 1292 1580 1327 ad
1603 1292 1699 1338 quod

224 1362 257 1385 in
279 1351 381 1385 Fam.
405 1350 523 1396 glossa
545 1350 723 1396 adsc1ipta
745 1354 830 1383 est
820 1343 1064 1398 ποαΰνοντες
1083 1344 1143 1383 ἐπὶ
1166 1349 1223 1383 τῶ
1244 1343 1414 1395 ὀπτῆσαι
1435 1360 1460 1396 η
1483 1346 1696 1394 θυμιᾶσαι.

223 1406 347 1441 Mirum
369 1411 424 1441 est
443 1405 585 1451 placere
607 1404 817 1451 quibusdam
848 1404 1010 1450 potuisse
1039 1404 1170 1439 Butleri
1191 1409 1449 1445 commentum,
1471 1402 1698 1450 intelligenda

222 1461 311 1496 haec
341 1472 419 1496 esse
450 1461 492 1495 de
521 1461 622 1495 laetis
651 1459 965 1495 acclamationibus
984 1460 1019 1494 in
1040 1460 1108 1495 fine
1130 1470 1324 1494 sacrorum.
1374 1459 1459 1502 Quis
1487 1459 1579 1494 enim
1608 1458 1696 1494 adeo

223 1527 411 1562 perversus
434 1516 489 1557 sit,
513 1521 562 1556 ut,
586 1516 780 1562 gratulatos
803 1515 847 1550 ob
869 1515 999 1549 laetum
1022 1515 1182 1549 nuntium
1204 1515 1322 1549 dicere
1338 1515 1471 1555 volem,
1494 1514 1597 1550 linem
1614 1525 1698 1561 gra-

223 1571 358 1606 tulandi
387 1583 491 1617 quam
521 1571 656 1605 initium
685 1571 817 1605 sactum
839 1570 956 1604 dicere
978 1568 1103 1604 malit?
1146 1570 1364 1615 Legrandius
1384 1570 1475 1604 male
1496 1570 1697 1616 κοσμοῦν-

221 1638 296 1669 τες.
344 1627 479 1667 Melius5
504 1626 567 1661 sed
588 1626 766 1665 audacius,
791 1625 1021 1659 Casaubonus
1043 1621 1231 1666 καίοντες.
1281 1624 1317 1659 Si
1337 1625 1551 1672 κοιμῶντες
1570 1624 1698 1671 genui—

222 1693 305 1717 num
336 1687 407 1722 cst,
442 1692 582 1716 versum
612 1681 783 1716 excidisse
814 1680 975 1721 credam,
1014 1691 1083 1726 quo
1113 1680 1357 1715 contineretur
1383 1683 1524 1717 iniectis
1554 1682 1637 1716 libis
1666 1686 1696 1716 et

221 1738 447 1784 susfimentis.
488 1737 598 1771 Aliter
619 1736 709 1771 enim
731 1736 875 1782 κοιμᾶν
895 1735 1102 1782 simpliciter
1122 1738 1350 1781 eoestinquere
1369 1737 1489 1782 iynem
1510 1735 1695 1782 significat.

222 1793 442 1839 Ρ1ιηιι1611ιι5
473 1791 622 1827 Bekkeii
650 1803 685 1838 p.
705 1792 768 1832 46,
789 1792 852 1827 26.
884 1786 1117 1837 κατακοιμί
1102 1786 1177 1825 ειν
1209 1786 1279 1826 τὸν
1311 1784 1471 1852 715270113
1508 1785 1594 1827 ἀντὶ
1624 1791 1698 1826 τοῦ

222 1841 445 1894 σβεννυναι.
494 1849 668 1882 Auctores
699 1846 824 1881 Suidas
855 1847 889 1881 in
910 1858 941 1881 V.
964 1843 1141 1892 κοιμίσαι
1170 1845 1432 1893 Nicophronem
1459 1847 1495 1882 in
1523 1847 1695 1887 Pandora,

221 1904 424 1938 Athenaeus
445 1903 513 1937 XV.
530 1915 565 1949 p.
579 1905 670 1939 701.
684 1902 721 1937 F.
741 1907 776 1937 et
792 1902 913 1936 Pollux
924 1902 993 1936 Vll.
1010 1903 1099 1938 178.
1121 1901 1358 1948 Phrynichum
1379 1902 1413 1937 in
1434 1897 1697 1953 Μονοτρόπω

222 1958 417 1992 nominant.
460 1957 495 1992 Si
517 1958 602 1992 nibil
623 1958 742 1998 deest,
766 1957 951 2003 sciipsisse
972 1957 1185 2003 Aeschylum
1206 1963 1327 2003 putem
1349 1959 1543 2000 κοιῶντες.
1583 1958 1698 2004 Hesy-

223 2013 323 2048 chius
345 2012 514 2055 κοιᾶται,
538 2007 703 2061 ἱεοᾶται.
742 2012 838 2046 Idem
860 2005 1077 2056 κοιώσατο,
1101 2005 1378 2060 αφιερώσατο,
1401 2008 1695 2062 καθιερώσατο.

222 2068 265 2102 Et
286 2064 415 2114 κοίης,
447 2061 571 2115 ιερεὺς
596 2063 815 2115 Καβειρων
843 2061 862 2102 ὁ
897 2063 1109 2115 καθαίρων
1139 2063 1275 2115 φονέα.
1316 2079 1352 2102 οι
1352 2062 1436 2112 de,
1459 2063 1566 2115 κόης.
1606 2069 1694 2102 Item

222 2116 330 2157 κθιόλ
323 2134 392 2169 .ης,
414 2117 434 2157 ὃ
458 2117 594 2171 ἱερεύς,
618 2122 713 2168 quod
734 2121 842 2157 habet
863 2122 966 2157 etiam
989 2122 1242 2168 Moschopulus
1263 2119 1351 2171 περὶ
1373 2120 1527 2169 σχεὸῶν
1546 2135 1581 2170 p.
1602 2125 1636 2159 5.
1660 2128 1695 2158 et

220 2178 391 2212 mendose
414 2178 585 2224 scriptum
605 2177 854 2224 Theognostus
876 2178 910 2212 in
933 2177 1087 2212 Crameri
1108 2177 1240 2212 Anecd.
1265 2178 1325 2212 Ox.
1343 2178 1383 2212 ΙΙ.
1405 2189 1440 2224 p.
1460 2179 1523 2219 21,
1545 2179 1608 2214 25.
1646 2178 1694 2213 Ex

221 2234 290 2267 hoc
311 2232 419 2268 verbo
440 2233 495 2267 vel
516 2233 591 2268 eius
612 2233 731 2268 radice
754 2233 899 2268 ductum
921 2244 1000 2268 esse
1022 2232 1159 2268 videtur
1178 2227 1396 2278 θυοςκόος,
1429 2233 1471 2268 de
1494 2245 1563 2280 quo
1586 2244 1694 2280 supra

222 2288 355 2323 dictum
376 2288 419 2323 ad
439 2300 470 2323 V.
491 2289 555 2325 87.

335 2345 426 2380 578.
448 2343 524 2378 Non
540 2344 623 2379 dicit
639 2337 800 2379 σπεύσω
817 2336 1045 2386 δέξασθαι(
1033 2335 1140 2386 ὅπως
1156 2337 1314 2393 ἄριστα,
1332 2337 1424 2379 sed‘
1411 2335 1519 2386 ὁπως
1533 2354 1693 2380 σπευσω

223 2392 460 2442 δέξασθαι
443 2392 601 2447 αόιστα.
640 2399 679 2434 V.
702 2399 899 2434 Porsonum
921 2399 964 2433 ad
985 2398 1070 2434 I·I.ec
1087 2411 1118 2434 v.
1135 2401 1226 2436 398.

336 2455 582 2491 580—582.
622 2454 942 2500 Interpungebatui
969 2454 1004 2489 iu
1025 2454 1238 2490 editionibus
1259 2454 1437 2490 Veteribus
1466 2449 1509 2490 τί
1523 2449 1601 2518 γὰρ
1622 2465 1694 2502 γυ·-

221 2505 323 2543 ναικὶ
344 2503 489 2545 τούτου
510 2506 654 2575 φέγγος
671 2502 798 2556 ἥδιον,
821 2506 983 2559 ὁρακεΐν
1002 2503 1080 2545 ἀπὸ
1097 2507 1309 2570 στρατείας
1329 2504 1471 2560 ἄνδρα,
1488 2520 1694 2551 σωσαντος

224 2562 342 2608 θεοῦ,
364 2560 441 2599 7123)
446 2576 493 2606 ας
519 2560 700 2609 ανοιξαις
741 2564 991 2611 Coniungenda
1014 2576 1092 2600 esse
1120 2558 1236 2613 ἥδιον
1256 2562 1417 2615 δρακεῖν
1443 2576 1529 2611 ape1
1532 2570 1603 2600 tum
1625 2570 1690 2605 est,

220 2618 452 2665 videruntque
473 2620 647 2666 pleiique.
687 2620 809 2666 Neque
831 2614 946 2669 ando?
968 2620 1169 2666 legendum,
1194 2621 1289 2667 quod
1310 2620 1547 2656 Blomfieldius
1570 2619 1689 2659 edidit,

221 2673 283 2707 sed
304 2674 513 2720 corrigenda
536 2680 612 2711 crat
630 2675 890 2722 interpunctio,
920 2672 962 2711 τί
977 2671 1053 2724 γὰρ
1074 2687 1229 2724 γυναικι
1250 2670 1394 2712 τούτου
1417 2671 1559 2725 φέγγος
1578 2666 1692 2723 η’ὸιον
