1878 3115
715 209 771 242 AD
798 208 1047 243 SYPPLICES.
1570 200 1623 240 27

264 311 354 347 515.
397 310 492 346 Libri
514 306 559 347 τὸ
580 307 682 361 πρὸς
701 313 908 360 γυναικῶν.
950 313 1050 348 Patet
1070 312 1138 347 hoe
1161 322 1232 346 non
1255 311 1369 346 solum
1391 317 1540 358 propter
1559 307 1624 359 γε’-

149 377 215 408 νος
233 361 420 414 γυναικός
440 366 523 402 ferri
544 378 615 402 nou
636 379 743 414 posse
758 396 766 409 ‚
803 369 865 403 sed
895 369 999 404 etiam
1021 372 1213 415 propterea
1237 367 1332 414 quod
1353 367 1530 414 Iuppiter,
1565 367 1623 413 qui

147 421 281 468 pariter
300 427 340 456 ut
360 422 396 456 10
418 423 559 468 generis
582 434 702 458 earum
724 428 850 459 auctor
871 429 937 465 est,
962 423 1220 459 excluderetur.
1264 422 1379 466 Quare
1401 423 1435 458 in
1457 418 1501 458 τὸ
1524 418 1625 471 πρὸς

148 477 346 525 γεναρχιῖν
365 477 507 512 mutavi.

263 533 354 568 519.
395 532 489 567 Libri
511 528 802 581 7¹⁰7*2'!‘³'²iffs(''9
832 527 1037 581 ἐφάπτωρ.
1087 532 1278 568 Emendavi
1306 533 1341 568 in
1371 532 1483 568 Elem.
1507 532 1622 567 doctr.

147 593 250 622 metr.
273 599 308 634 p.
334 588 425 624 232.
466 587 510 622 Et
531 583 712 636 ἒᾳάπτορ
735 587 876 634 quidem
898 587 1002 622 etiam
1023 587 1217 622 POI‘SOHUS.

263 643 353 678 520.
397 642 498 685 Quotl
520 642 597 677 libri
619 643 771 683 habent,
802 639 892 684 δίας
911 653 993 685 τοι,
1023 653 1094 678 nou
1117 648 1193 677 erat
1215 643 1435 677 mutandum.
1488 642 1623 677 Sensus

148 702 214 739 est,
237 692 441 744 εὐχόμεθα
462 694 572 745 γένος
592 691 688 733 εἶναι
712 693 791 734 ἀπὸ
813 694 930 746 τῆς-δε
953 694 1042 740 ὸιάς
1062 700 1145 746 γῆς,
1169 693 1309 734 ἔνοικοι
1333 693 1469 746 αὐτῆς.

254 747 452 799 εὐχώμεθ’
475 753 514 787 Ε.

263 809 354 845 523.
397 808 615 843 Scholiastes
637 803 798 850 ἐπωπάς
818 808 1073 855 interpretatur
1094 803 1339 855 κατανομάς.
1379 808 1445 843 Alii
1466 808 1535 843 hoe
1557 818 1623 853 pro

148 857 315 905 ὄπωπας
342 863 504 899 videntur
525 864 721 910 accepisse.
763 864 872 899 Recte
895 863 1065 899 intellexit
1086 864 1223 898 Paleius
1246 864 1505 910 inspectionem
1526 863 1621 909 Argi,

148 918 368 953 observantis
390 919 424 954 in
445 919 586 966 pascuis
608 919 770 960 vitulam,
804 919 1005 966 significari.
1056 919 1113 954 Sie
1137 919 1318 966 Stephano
1342 919 1508 966 Byzantio
1531 924 1623 953 teste

143 968 305 1021 Ἐπώπη
326 975 607 1010 Acrocorintlius
639 974 843 1017 dicebatur,
876 975 972 1022 quod
1000 975 1080 1010 inde
1102 975 1271 1022 Aeginam
1300 975 1545 1022 prospexisset
1568 973 1624 1008 Si-

146 1030 292 1076 syphus,
474 1072 478 1074 Ἴ

261 1085 352 1121 526.
395 1079 640 1134 ἁμαρτίνοος
660 1091 741 1121 ante
764 1086 1024 1121 correctionem
1047 1086 1085 1121 G.

262 1141 353 1177 531.
395 1136 522 1176 ἰάπτει
550 1138 722 1186 βασίὸὀς
742 1141 786 1176 Μ.
810 1142 849 1176 G.
873 1147 907 1177 et
929 1142 1040 1177 codex
1060 1141 1268 1177 Robortelli.
1322 1136 1450 1177 ἰάπτει
1486 1135 1625 1182 ἀσίὸος

147 1195 386 1232 Robortellus.
436 1196 595 1231 Correxit
615 1196 812 1231 Turnebus.

263 1253 353 1288 533.
394 1253 560 1298 μοι-σῶν
579 1252 624 1286 M.
648 1252 686 1287 G.
710 1252 798 1287 Rob.
841 1252 1000 1287 Correxit
1020 1252 1218 1287 Turnebus.

263 1308 353 1344 534.
394 1307 487 1342 Libri
517 1302 632 1355 λύγιά
660 1319 700 1342 τε
730 1303 871 1355 γύαλα.
921 1307 1054 1354 Scripsi
1074 1303 1219 1343 Aedui
1246 1301 1278 1342 τ’
1303 1301 1353 1355 ely
1387 1301 1527 1354 γύαλα.
1582 1305 1624 1341 Et

145 1357 292 1398 Λύδια
314 1363 454 1409 quidem
477 1362 544 1397 iam
566 1363 762 1397 Turnebus.

262 1419 353 1454 535.
396 1412 502 1467 ὅριῦν
522 1418 566 1452 Μ.
590 1429 608 1453 a
630 1429 676 1452 m.
699 1418 811 1464 prima
833 1423 868 1453 et
888 1417 977 1452 Rob.
1019 1411 1182 1466 ὅριονΜ.
1202 1429 1220 1452 a
1236 1428 1282 1452 m.
1306 1417 1475 1452 secunda.
1517 1409 1624 1465 ὄριῦν

148 1473 187 1508 G.
210 1472 249 1507 E.
300 1473 434 1520 Scripsi
464 1467 570 1523 ὅρων
598 1485 638 1508 ex
666 1474 825 1520 margine
847 1473 980 1509 codicis
1002 1473 1042 1508 E.
1084 1473 1170 1508 Nam
1191 1473 1225 1508 in
1247 1473 1382 1508 melicis
1404 1472 1528 1518 tragici
1550 1483 1622 1507 nou

147 1523 264 1578 ὀρῶν,
287 1529 350 1564 sed
372 1524 496 1578 ὀρέων
517 1529 650 1564 dicunt.

258 1580 428 1619 κυλίκων
448 1585 487 1620 G.

263 1641 353 1677 536.
397 1640 499 1684 Quod
519 1640 597 1675 libri
618 1639 769 1681 habent,
792 1634 1022 1689 παμφύλων
1040 1651 1080 1675 τε
1102 1635 1192 1688 γένη
1215 1634 1473 1688 διορνυμένα,
1506 1643 1622 1673 ortum

147 1694 284 1730 videtur
304 1696 484 1743 adscripto
505 1692 594 1744 γε’νι]
617 1696 660 1730 ad
682 1700 890 1742 corruptum
911 1690 1103 1744 παμφύλ,
1135 1696 1170 1730 iu
1199 1706 1268 1742 quo
1306 1695 1384 1742 quis
1415 1692 1526 1743 ᾳῦλα
1556 1693 1622 1728 sibi

146 1751 241 1785 visus
263 1757 339 1786 erat
359 1751 490 1799 legere.
541 1752 758 1787 Eiiciendum
789 1762 869 1786 esse
889 1746 979 1799 γένη
1001 1751 1171 1786 Ileatliius
1192 1751 1288 1786 vidit.
1332 1749 1537 1797 Spondeum
1560 1749 1624 1784 de-

148 1805 258 1841 fendit
278 1818 408 1842 nomen
426 1807 625 1854 proprium.

264 1863 355 1899 537.
395 1859 471 1898 τὰν
492 1863 535 1897 Μ.
559 1863 598 1897 G.
621 1862 658 1897 P.
707 1856 788 1896 πὰν
817 1872 857 1896 ex
887 1861 1009 1896 codice
1040 1872 1104 1896 suo
1137 1862 1239 1896 ass'ert
1259 1859 1509 1895 Robortellus:
1546 1859 1622 1906 ipse

148 1912 229 1967 πὰρ
250 1918 370 1958 voluit,
394 1918 457 1953 sed
478 1918 511 1953 in
534 1923 630 1953 textu
651 1917 726 1952 eius
749 1928 770 1966 ρ
794 1917 932 1952 excidit.
973 1913 1067 1959 τοὺς
1086 1917 1282 1952 Turnebus.
1326 1915 1459 1962 Scripsi
1480 1916 1563 1964 γᾶς.

261 1973 346 2008 Post
366 1969 576 2020 ποταμοὺς
596 1973 640 2008 Μ.
663 1972 752 2007 Rob.
777 1967 817 2006 δ’
841 1972 986 2013 liabent,
1009 1983 1081 2007 non
1103 1972 1143 2008 G.

262 2023 452 2071 ἀεννάους
472 2029 516 2064 Μ.
540 2029 579 2064 G.
603 2034 791 2075 antequam
815 2028 1093 2074 corrigerentur.

260 2083 403 2119 Nobiles
424 2084 517 2119 ssuvii
539 2089 621 2119 sunt
642 2084 866 2131 Pamphyliae
890 2084 1054 2125 Cestrus,
1091 2083 1357 2123 CatarrhaeteS‚
1393 2081 1520 2121 Melas,
1551 2082 1625 2117 Eu-

148 2139 330 2186 rwnedon.

263 2196 354 2232 538.
395 2190 469 2238 τὰς
490 2189 714 2245 ἀφροδίτης
733 2195 777 2230 Μ.
802 2195 841 2230 G.
864 2194 953 2230 Rob.
1002 2195 1076 2237 τᾶς
1095 2189 1341 2243 Ἀφροδίτας
1360 2192 1466 2228 Turn.
1511 2191 1624 2228 Seribi

149 2249 302 2285 debehat
323 2246 397 2286 τὰν
408 2245 666 2300 Ἀφροδίτας.

264 2306 355 2342 540.
397 2302 688 2352 εἷσικνουμείὀυ
705 2305 749 2340 Μ.
769 2305 831 2340 sed
848 2311 887 2340 ut
902 2305 1044 2339 ultimae
1062 2304 1150 2339 duae
1172 2304 1312 2338 vocales
1334 2303 1368 2338 in
1389 2314 1511 2338 rasura
1534 2302 1625 2337 scri-

148 2365 231 2406 ptae
268 2361 337 2396 sint
367 2372 385 2395 a
418 2372 464 2396 m.
488 2361 656 2407 secunda,
681 2366 716 2395 et
737 2361 773 2395 P.
797 2361 835 2395 E.
859 2360 947 2394 Rob.
1003 2355 1272 2405 εἷσικνοιχιιείἰ]
1296 2359 1335 2393 G.
1376 2359 1483 2393 Nimis
1506 2359 1624 2404 inepte

150 2415 340 2451 coniuncta
373 2421 455 2450 sunt
484 2411 643 2450 ἱκνεῖται
675 2411 715 2450 d’
740 2410 1028 2461 εἷςικνουμένου
1049 2410 1269 2460 βουκόλου,
1294 2414 1389 2459 quod
1411 2414 1621 2448 scholiastes

150 2471 302 2517 explicat
331 2465 491 2506 ἱκνεῖται
523 2467 566 2506 δὲ
596 2467 683 2505 δῖον
709 2466 922 2517 πάμβοτον
949 2464 1092 2513 ἄλσος,
1123 2470 1194 2504 τοῦ
1216 2463 1378 2515 οἴστρου
1400 2470 1456 2519 τῷ
1477 2465 1624 2518 κέντρῳ

152 2521 277 2573 αὐτὴν
299 2523 612 2575 διατρυπῶντος.
663 2525 903 2560 Defenderunt
934 2530 1050 2559 tamen
1073 2524 1397 2560 Marekschess'elius
1418 2536 1453 2571 p.
1477 2525 1564 2561 188.
1589 2529 1624 2560 et

150 2581 288 2616 Paleius
312 2582 526 2628 scripturam
549 2586 670 2628 aperte
693 2593 711 2616 a
733 2581 946 2616 dormitante
968 2580 1110 2615 librario
1132 2580 1342 2625 profectam.
1390 2580 1498 2615 Lusui
1519 2580 1553 2613 in
1575 2580 1624 2613 si-

150 2637 346 2673 militudine
367 2636 555 2672 verborum
577 2636 623 2671 ibi
646 2641 781 2671 tantum
804 2637 904 2671 loeus
927 2641 993 2675 est,
1017 2635 1075 2670 ubi
1098 2635 1228 2681 aliquid
1250 2635 1293 2669 ad
1310 2636 1520 2670 sententiam
1536 2646 1626 2669 con-

152 2692 232 2727 fert.
275 2692 427 2728 Dictioni
448 2692 612 2740 poeticae
634 2692 744 2739 magis
767 2692 823 2727 hie
847 2691 1011 2727 convenit
1031 2691 1255 2738 participium
1273 2701 1342 2737 quo
1360 2692 1409 2733 lo,
1434 2702 1537 2738 quam
1555 2701 1624 2736 quo
