1878 3115
788 184 844 216 An
870 184 1050 217 PERSAS.
1581 177 1657 216 241

295 287 387 323 778.
420 280 490 329 ξὺν
511 280 709 335 ἀνδράσιν
729 286 773 322 Μ.
815 282 887 330 ξὺν
908 280 1081 338 ἀνδράσι
1104 288 1143 323 G.
1166 288 1233 323 vit.
1255 287 1351 335 LiPS.
1384 287 1549 324 Cantabr.
1574 291 1605 325 l.
1627 289 1663 325 2.

182 342 262 377 edd.
285 347 366 377 ante
388 342 478 377 Vict.

296 399 387 434 779.
418 394 603 446 μάραιμς
623 398 666 432 Μ.
690 397 757 432 Vit.
779 397 865 432 Ven.
885 397 922 432 B.
944 398 1050 432 Turn.
1074 403 1109 433 et
1129 398 1347 445 adscriptum
1369 398 1404 433 in
1425 399 1502 434 Par.
1522 399 1560 434 Β.
1581 394 1665 446 μα’-

182 464 328 502 ραᾳνις
340 453 484 500 G.Lips.
506 453 670 488 Cantabr.
688 455 719 488 1.
741 453 839 488 Colh.
856 454 891 489 2.
905 453 1030 488 Panss.
1043 453 1080 487 F.
1093 453 1132 487 H.
1163 447 1465 502 flccipqthen.A.
1483 455 1662 490 Ald.Rob.

293 505 468 555 ἕβδομος
490 504 530 543 δ’
556 509 594 544 G.
613 509 697 543 Ven.
718 508 754 543 Β.
777 508 854 543 Par.
876 508 912 543 C.
934 508 1057 543 F.l.L.
1082 509 1177 554 quod
1199 510 1441 555 recipiendum
1464 516 1551 545 erat.
1594 507 1663 557 ἱβ-

183 559 309 609 ὸόμός
325 558 356 599 τ’
373 565 468 610 Lips.
486 564 562 598 Ald.
581 563 670 598 Roh.
687 564 792 598 Turn.
824 559 999 609 ἕβδομος
1020 565 1150 598 omissa
1171 565 1345 610 particula
1367 565 1411 600 M.
1436 566 1501 600 vit.
1526 566 1662 601 Ven.A.

183 619 282 654 Colb.
310 622 340 655 l.
363 619 440 654 Par.
458 619 495 653 B.
612 619 708 653 Inter
734 614 920 667 μάραᾳις
949 624 983 653 et
1013 614 1189 665 ἕβδομος
1209 619 1242 653 in
1264 619 1308 654 M.
1332 632 1436 666 supra
1459 632 1599 656 versum
1621 625 1664 654 ΙΒ

181 675 352 721 scriptum
376 679 442 708 est.
560 667 815 722 ἅρτιιᾳέρνης
835 674 874 709 G.
898 674 992 720 LiPS.
1017 673 1181 709 Cantabr.
1204 675 1239 710 2.
1262 675 1339 709 Par.
1358 676 1394 710 F.
1413 676 1454 710 Il.

292 729 397 764 Vncis
419 729 562 764 inclusit
582 729 676 764 hunc
697 740 836 764 versum
854 729 1048 770 Porsonus,
1072 741 1113 764 ex
1129 729 1287 764 Selii'itzii
1308 732 1496 771 sementia,
1521 732 1579 777 qui
1595 743 1665 778 pu—

181 785 275 826 tavit,
300 796 407 831 quum
429 790 567 831 septem
589 785 768 831 principes
784 785 970 819 Persarum
993 785 1036 819 ad
1054 784 1218 820 Smerdin
1238 786 1433 821 tollendum
1457 787 1663 822 coniurasse

180 846 302 875 notum
325 846 432 881 esset,
457 840 682 875 scholiastain
707 841 881 887 quendam
899 841 942 875 ad
960 841 1165 887 explicanda
1181 841 1347 888 Aeschyli
1361 842 1479 883 verba,
1503 834 1562 884 οἷς
1580 836 1662 877 ῑόὸ’

178 886 228 943 ἦν
241 892 373 942 χρέος,
396 896 569 931 adiecisse
592 902 729 942 septem
752 897 1016 931 coniuratorum
1038 896 1192 937 nomina,
1215 897 1328 932 tribus
1351 898 1498 932 senariis
1513 898 1661 938 inclusa,

180 963 198 987 e
222 952 349 998 quibus
379 952 504 986 tertius
527 963 568 986 eo
592 951 728 986 facilius
758 952 793 986 in
824 957 957 987 textum
988 952 1146 999 irrepere
1168 953 1345 999 potuerit,
1377 953 1473 999 quod
1493 964 1662 988 numerus

180 1003 291 1049 ἕκτος
320 1007 434 1042 ordini
463 1018 586 1054 regum
617 1007 659 1042 ah
681 1008 857 1054 Aeschylo
888 1013 1177 1043 enumeratorum
1206 1008 1454 1055 responderet.
1503 1011 1572 1043 Aut
1592 1010 1662 1044 hoe
1686 1040 1692 1046 .

179 1063 405 1098 statuendum
428 1068 502 1103 est,
526 1068 586 1097 aut
607 1063 779 1098 excidisse
800 1069 884 1110 post
907 1075 938 1098 v.
965 1065 1055 1100 778.
1082 1064 1218 1110 allquot
1238 1075 1381 1105 versus,
1407 1064 1534 1110 quibus
1558 1065 1663 1110 quin-

180 1130 248 1165 que
270 1119 488 1165 reliquorum
511 1119 775 1154 coniuratorum
798 1119 939 1154 nomina
962 1119 1248 1154 continebantur.
1288 1122 1403 1166 Atque
1426 1121 1494 1155 hoc
1521 1120 1662 1166 quidem

179 1174 375 1209 Bentleium
398 1175 616 1221 suspicatum
640 1185 718 1209 csse
742 1175 904 1209 Butlerus
922 1175 1042 1215 refert,
1067 1175 1287 1221 eandemque
1306 1176 1519 1210 sententiam
1537 1175 1663 1210 Siebe—

179 1229 220 1264 lis
242 1242 276 1276 p.
294 1232 382 1266 131.
400 1241 476 1276 seq.
499 1230 658 1276 protulit,
682 1230 774 1265 ineo
793 1236 928 1265 tantum
950 1230 1070 1271 salsus,
1096 1231 1191 1276 quod
1212 1231 1371 1277 singulos
1394 1231 1660 1266 coniuratorum

177 1296 243 1332 per
263 1286 405 1332 aliquod
427 1286 598 1332 temporis
619 1286 770 1332 spatium
793 1286 962 1332 deinceps
982 1297 1131 1333 regnum
1146 1287 1303 1321 tenuisse
1321 1286 1486 1333 opinatus
1503 1292 1569 1327 est,
1593 1298 1660 1332 qua

178 1352 216 1376 re
239 1341 513 1387 splendidiorem
535 1341 610 1376 fieri
630 1353 754 1387 regum
775 1342 999 1377 Persicorum
1021 1342 1162 1376 seriem.
1212 1341 1255 1376 Ut
1277 1342 1432 1388 quinque
1455 1342 1662 1377 coniurato-

178 1408 255 1431 rum
277 1397 418 1432 nomina
441 1397 610 1432 excidisse
631 1403 793 1443 putarem
816 1402 851 1432 et
871 1397 1019 1443 proinde
1041 1403 1122 1432 ante
1143 1409 1173 1431 v.
1190 1398 1280 1433 779.
1304 1397 1451 1432 lacunae
1473 1397 1572 1443 signa
1593 1409 1662 1444 po-

178 1464 320 1493 nerem,
352 1453 499 1487 maxime
530 1464 570 1487 ea
600 1464 655 1487 ine
685 1458 870 1487 moverunt
899 1463 988 1499 quae
1020 1458 1230 1499 sequuntur.
1286 1452 1371 1487 Nam
1401 1453 1429 1487 si
1452 1453 1569 1488 deleto
1592 1454 1660 1488 hoe

178 1520 302 1548 versu,
327 1504 438 1550 ἓ-’κτος
460 1504 501 1543 δὲ
522 1502 740 1557 Itldpaqig,
765 1504 940 1555 Ξ)’ἵὸ“ο,ιιος
961 1503 1001 1543 δ’
1017 1502 1170 1558 Ἀρταᾳ
1180 1504 1313 1557 ρένης,
1336 1509 1515 1555 proximos
1537 1520 1660 1544 versus

178 1575 257 1598 eum
280 1564 618 1599 commemoratione
641 1564 753 1610 quinti
772 1564 866 1611 regis
889 1564 1056 1611 coniungi
1072 1564 1244 1605 volumus,
1268 1576 1339 1599 non
1356 1565 1461 1599 modo
1478 1576 1543 1611 per
1559 1565 1661 1600 aliam

177 1620 386 1665 particulam
416 1631 520 1666 quam
549 1631 614 1665 per
643 1616 713 1654 καί
737 1620 877 1654 adnecti
907 1620 1102 1661 dehebant,
1136 1620 1198 1655 sed
1229 1620 1333 1655 etiam
1362 1620 1439 1660 illa,
1472 1614 1603 1655 πάλου
1627 1615 1658 1656 τ’

178 1670 328 1722 ἔκνρσα
349 1676 496 1724 τοῦπερ
526 1669 677 1722 ἤθελον
704 1670 1035 1722 κάπεστράτευσα
1065 1670 1195 1710 πολλὰ
1223 1670 1298 1711 σὺν
1327 1674 1461 1726 πολλῷ
1483 1677 1659 1725 στρατιῇ,

177 1730 278 1765 aliter
299 1731 448 1766 dicenda
469 1736 581 1765 erant.
623 1731 706 1765 Nam
731 1731 808 1777 quis
831 1742 870 1765 ex
892 1743 946 1772 eo,
972 1731 1068 1777 quod
1090 1731 1224 1771 Darius,
1249 1731 1371 1777 quinto
1394 1742 1478 1777 rege
1501 1742 1661 1766 comme-

176 1792 327 1827 morato,
353 1798 391 1821 ea
415 1797 452 1821 se
476 1798 580 1832 quam
602 1786 742 1820 volebat
764 1792 860 1821 sorte
883 1787 1034 1832 potitum
1058 1786 1153 1826 dicit,
1176 1787 1349 1832 intelligat
1371 1798 1447 1821 eam
1470 1792 1603 1821 sortem
1625 1787 1658 1820 in

177 1842 273 1887 regia
295 1842 464 1887 dignitate
485 1842 603 1887 potius
627 1853 730 1887 quam
752 1842 786 1876 in
807 1841 871 1876 alia
894 1853 932 1876 re
960 1842 1112 1887 positam
1144 1840 1280 1876 fuisse?
1326 1842 1449 1887 ltaque
1472 1842 1499 1876 si
1521 1847 1602 1888 apte
1625 1847 1660 1876 et

176 1897 366 1943 perspicue
388 1897 485 1943 loqui
506 1897 628 1937 vellet,
653 1903 750 1931 certe
774 1908 849 1931 eam
872 1908 909 1931 se
932 1902 1084 1938 sortem,
1109 1908 1213 1943 quam
1236 1908 1328 1932 nnnc
1352 1902 1508 1937 teneret,
1533 1909 1570 1931 se
1593 1897 1660 1932 ob-

177 1952 324 1986 tinuisse
347 1952 492 1987 diceret.
555 1952 656 1995 Quod
679 1952 706 1986 si
729 1963 808 1987 eum
830 1953 1061 1998 Artaphernis
1091 1955 1238 1999 eiusque
1271 1952 1449 1987 sociorum
1479 1953 1659 1987 mentione

176 2008 265 2043 haec
283 2008 557 2054 coniungamus‚
588 2019 660 2042 non
681 2008 796 2042 minus
818 2008 992 2042 laborabit
1022 2008 1191 2043 orationis
1214 2008 1448 2043 concinnitas.
1507 2008 1593 2043 Nam
1615 2019 1658 2042 ne

177 2063 226 2098 sie
258 2063 399 2110 quidem
428 2063 575 2109 intelligi
606 2069 726 2109 potest
755 2069 889 2098 sortem
918 2064 1032 2105 illam,
1071 2075 1140 2110 qua
1162 2075 1200 2099 se
1223 2075 1263 2098 ex
1284 2069 1365 2099 voto
1387 2064 1539 2110 potitum
1561 2064 1656 2103 dicit,

178 2119 298 2154 occiso
321 2131 339 2154 a
362 2120 556 2154 coniuratis
578 2130 674 2164 rege,
699 2119 883 2166 imperium
908 2130 1000 2154 esse.
1044 2119 1141 2162 Quae
1165 2131 1272 2166 quum
1294 2120 1341 2153 ita
1364 2119 1444 2159 sint,
1468 2131 1538 2154 non
1560 2119 1659 2154 vidc-

177 2179 234 2209 tur
255 2174 484 2209 dubitandum
509 2186 609 2215 esse,
647 2175 730 2221 quin
751 2175 911 2221 pluribus
934 2175 976 2209 de
999 2175 1065 2209 ista
1087 2175 1332 2209 coniuratione
1355 2175 1579 2220 exposuerit,
1611 2175 1658 2209 ita

176 2235 215 2264 ut
235 2230 407 2265 indicaret
427 2231 486 2264 uni
512 2242 553 2265 ex
582 2230 774 2265 coniuratis
804 2241 952 2276 regnum
984 2229 1171 2275 obtingere
1193 2230 1373 2264 debuisse.
1433 2230 1482 2264 Ex
1502 2230 1543 2264 iis
1567 2240 1657 2275 quae

176 2285 433 2320 interciderunt
465 2297 573 2319 unum
604 2285 755 2319 sortasse
784 2285 994 2319 vocabulum
1018 2290 1202 2330 superest,
1226 2290 1402 2319 servatum
1425 2296 1442 2318 a
1466 2285 1656 2319 scholiasta

177 2340 409 2386 Hermogenis
440 2340 533 2386 apud
553 2340 708 2374 Bastium
730 2340 774 2374 ad
795 2340 1004 2386 Gregorium
1026 2340 1106 2374 Cor.
1129 2351 1164 2386 p.
1179 2341 1271 2376 241.
1295 2345 1329 2374 et
1350 2339 1384 2374 iu
1405 2340 1529 2374 Walzii
1552 2340 1655 2374 Rhet.

178 2396 320 2430 Graecis
341 2395 410 2430 vol.
433 2396 471 2429 V.
495 2407 529 2441 p.
555 2396 647 2431 456.
708 2395 840 2434 Verba,
873 2394 1000 2441 quibus
1032 2395 1227 2440 explicatur
1255 2395 1338 2441 quid
1371 2395 1415 2429 sit
1442 2389 1656 2437 ὑπόξυλον,

176 2451 264 2486 haec
287 2457 379 2489 sunt,
404 2453 526 2485 κεῖται
550 2446 592 2484 δὲ
612 2447 672 2485 ἐπὶ
697 2451 776 2485 τῶν
796 2448 994 2498 λαμπρῶν
1011 2446 1086 2495 μὲν
1105 2445 1261 2492 ἔξωθεν
1281 2446 1344 2484 καὶ
1367 2447 1559 2494 ἐπιεικῶν,
1581 2442 1657 2485 πο-

179 2507 309 2554 νηρῶν
330 2502 373 2541 de*
394 2502 443 2541 Τὰ
465 2501 590 2541 ἔνδον.
630 2499 842 2552 Αἰσχύλος
861 2503 902 2540 ἐν
921 2501 1122 2553 Πέρσαις·
1143 2502 1339 2552 μέμνηται
1362 2502 1425 2539 καὶ
1443 2502 1656 2553 Διογενια-

179 2558 244 2604 νὸς
264 2559 304 2596 ἐν
324 2562 372 2611 τῇ
394 2558 492 2604 λέξει
514 2555 658 2596 roi-roz)
680 2559 744 2595 καὶ
765 2555 983 2602 „hori-mog
1009 2558 1050 2596 ἕν
1076 2562 1125 2610 τῇ
1158 2558 1300 2610 ἐκλογῇ
1330 2561 1411 2596 τῶν
1431 2555 1655 2608 ὀνομάτων,

177 2609 235 2652 ὅτι
258 2614 502 2665 ῙΙῙέιίινὸρος
522 2613 562 2651 ἐν
584 2617 631 2665 τῇ
652 2614 858 2667 Περινθίᾳ
882 2613 986 2665 ([ησί

381 2667 471 2708 οὐδ’)
498 2666 618 2714 αὖτός
639 2668 716 2718 εἶμι
739 2667 812 2707 σὺν
832 2671 945 2713 &eosg-
962 2665 1174 2715 ὑπόξυλος,

228 2739 454 2775 ,λΑΕΞιῑΗΥΙΑΓς
474 2739 507 2765 u.
1344 2736 1384 2765 16
