1878 3115
206 173 287 211 504
490 177 832 211 ADNOTATIONES
858 177 915 209 AD
941 175 1298 209 AGAMEMNONEM.

323 283 439 318 1637.
472 281 560 316 Huic
589 281 705 316 versui
733 281 767 315 in
796 281 889 316 Flor.
920 280 1220 327 Clytaemnestrae
1248 291 1400 327 persona
1429 280 1578 327 praefixa
1610 285 1676 316 est.

205 338 374 384 Aegistho
395 343 493 372 recte
516 348 594 372 eum
619 336 777 371 tribuunt
798 336 901 371 Farn.
923 336 1012 371 Vict.

321 394 437 429 1639.
469 392 651 439 Speciosa,
674 403 740 427 nec
763 398 879 427 tamen
901 391 1102 427 necessaria
1124 396 1179 427 est
1199 391 1320 426 Aurati
1340 391 1555 433 coniectura,
1578 384 1678 440 φεύ-

203 459 343 497 γοντος
364 441 522 496 ἀνδρός.

321 504 437 540 1640.
468 503 507 538 V.
529 503 573 538 ad
593 515 623 537 v.
645 503 760 538 1249.

321 559 437 594 1642.
468 557 640 607 θαρσῶν
660 558 853 593 Porsonus.
893 557 987 592 Libri
1009 555 1192 607 θαρρῶν.
1233 556 1364 592 Deinde
1388 549 1484 599 ὥςτε
1507 556 1678 592 Canterus

205 621 240 650 et
262 614 432 661 Scaliger.
474 613 568 649 Libri
591 606 737 662 ὥσπερ.
778 613 825 648 De
847 612 1035 659 proverbio
1057 625 1088 647 v.
1111 612 1154 648 ad
1175 613 1272 648 Pers.
1295 625 1326 648 v,
1347 614 1437 649 757.

321 671 436 706 1643.
465 671 582 706 1644,
614 670 653 704 ln
673 668 770 704 libris
792 669 827 703 hi
847 680 969 703 versus
992 669 1041 703 sic
1064 669 1187 714 scripti
1208 674 1301 709 sunt,

402 720 459 773 μὴ
481 718 732 774 προτιμήσῃς
750 720 935 771 ματαίων
956 718 1077 759 τῶνδ’
1099 717 1344 772 ὑλαγμάτων

405 777 470 815 καὶ
493 775 542 816 σὺ
565 775 747 828 θήσομεν
767 780 982 828 κρατοῦντε
1004 775 1127 814 τῶνδε
1150 773 1361 825 δωμάτων.

205 836 344 871 omissis
364 836 556 882 postremis
578 836 762 881 utriusque
783 847 906 869 versus
923 834 1081 869 vocibus.
1118 834 1166 869 Ex
1183 834 1374 869 scholiasta
1390 839 1425 869 et
1444 834 1520 880 ipsa
1535 832 1678 868 iubente

204 892 380 926 sententia
409 891 608 926 addendum
630 891 791 925 viderunt
811 886 887 938 ἐγώ
910 890 1102 930 Canterus,
1134 888 1265 931 καλῶς
1285 889 1468 924 Ηεᾶῑὴίυε.
1582 888 1681 923 Facit

205 947 483 993 Clytaemnestra
513 946 617 981 finem
649 945 873 991 tragoediae,
909 944 1073 991 quoniam
1097 945 1247 985 chorus,
1280 945 1380 979 cuius
1403 944 1486 979 alias
1509 944 1578 979 hoc
1601 943 1681 978 offi-

205 1003 297 1037 cium
319 1013 397 1037 esse
421 1002 523 1042 solet,
548 1001 724 1047 susceptis
746 1001 811 1036 hac
836 1001 868 1035 in
893 1011 999 1035 scena
1021 1000 1152 1035 actoris
1173 1000 1332 1046 partibus
1354 1011 1425 1035 non
1445 1004 1543 1035 recte
1565 998 1682 1046 potuit

203 1058 244 1092 ad
276 1057 514 1104 perorandum
544 1056 714 1092 adhiberi.
767 1056 819 1091 Ad
850 1055 882 1091 id
912 1056 1028 1102 aptior
1050 1060 1125 1090 erat
1147 1056 1443 1103 Clytaemnestra,
1476 1065 1680 1101 quaenunt:

204 1113 357 1159 quidem,
380 1119 570 1159 postquam
593 1112 741 1159 explevit
762 1123 865 1146 suum
886 1112 921 1146 in
938 1112 1239 1158 Agamemnonem
1262 1111 1392 1152 odium,
1413 1121 1560 1146 vacuum
1582 1114 1681 1144 motu

204 1169 357 1203 animum
378 1168 525 1209 habens,
550 1168 677 1203 idonea
698 1167 881 1203 videbatur
902 1167 945 1202 ad
967 1167 1250 1213 componendam
1272 1167 1379 1202 rixam
1403 1178 1491 1213 quae
1514 1171 1569 1201 est
1589 1166 1682 1200 inter

203 1224 410 1271 Aegisthum
433 1230 468 1259 et
489 1224 637 1259 eliorum
661 1229 792 1258 exorta.
910 1222 1157 1269 Subscriptum
1187 1223 1220 1257 in
1243 1223 1336 1258 Flor.
1366 1219 1431 1258 καὶ
1467 1221 1537 1258 ι’ὗν
1555 1214 1681 1271 πάρε-

204 1291 290 1316 στιν
311 1273 586 1328 ἁγαμέμνονος
608 1275 730 1325 τέλος,
754 1279 787 1314 in
810 1279 895 1314 Veii.
917 1274 1029 1321 τέλος
1050 1273 1337 1327 ἄγαμέμνονος.

1870 503 1873 508 ⁷
1868 485 1869 493 ⁴
1860 395 1878 478 τέως-,ς
1859 327 1878 386 :at-*3⁹
1859 311 1865 321 ’-
