1878 3115
771 210 827 243 AD
854 210 1031 244 PERSAS.
1561 204 1637 244 197

157 311 201 346 Μ.
316 309 543 358 συμβολαῖς
562 300 612 361 ’ἧν
630 324 689 356 τις
709 313 803 361 Lips.
845 312 1033 362 συμβολῇ
1052 314 1199 350 affertur
1220 326 1261 350 ex
1282 314 1360 350 Par.
1384 314 1421 350 C.
1462 302 1511 363 ἦν
1531 316 1638 351 omit-

156 367 197 402 tit
219 365 317 401 Colb.
343 367 378 402 2.

269 424 360 459 347.
392 418 531 470 πλήθη
555 423 594 459 G.
711 418 1022 473 κατακαυχὴσας
1042 425 1103 460 Ox.
1126 425 1204 461 Par.
1228 425 1265 461 C.
1287 425 1365 461 Ald.
1387 425 1492 462 Turn.
1515 431 1551 462 et
1572 426 1637 462 ad—

155 478 326 525 scriptum
348 479 381 513 in
398 479 480 528 μιν.
504 479 541 513 Β.

269 535 360 571 348.
391 530 484 583 ἦρξε
517 530 592 581 μὲν
621 534 659 569 G.
683 534 748 569 vit.
779 534 874 581 Lips.
905 534 1069 570 Cantabr.
1089 536 1124 571 2.
1147 535 1224 571 Ald.
1246 536 1352 572 Turn.
1407 524 1526 587 ἦρξεν
1546 537 1634 573 Roh.

154 589 286 625 omisso
306 584 391 636 μέν.

266 646 357 682 350.
389 643 571 679 Sieinnum
592 644 687 686 dicit,
710 656 852 679 vernam
864 645 1111 680 Themistoclis
1134 650 1169 680 et
1191 646 1265 680 eius
1287 645 1481 682 liberorum
1502 648 1636 694 paeda-

153 711 296 747 gogum,
320 699 362 734 de
385 710 454 745 quo
476 699 679 735 Herodotus
701 700 788 735 VIII.
814 701 877 736 75.
900 699 1075 735 Diodorus
1098 700 1238 736 Siculus
1260 701 1316 737 xl.
1344 704 1405 739 17.

266 755 357 792 352.
387 750 511 797 ἵξεται
532 754 627 801 Lips.

266 812 358 847 353.
389 810 484 845 Libri
503 805 659 857 μένοιεν
680 815 715 845 et
735 822 816 846 mox
835 822 866 845 v.
892 811 984 847 355.
1008 806 1270 848 ἒκσωσαιάτο.
1313 812 1472 848 Correxit
1493 823 1512 848 a
1534 813 1636 848 Mon-

150 866 208 902 kio
230 866 385 901 monitus
406 866 658 901 Blomfieldius.
700 866 738 901 V.
763 866 883 901 Elmsl.
907 866 951 901 ad
973 866 1058 901 Oed.
1082 866 1156 902 Col.
1179 879 1210 902 v,
1235 869 1327 904 945.

262 917 455 968 σέλμασιν
482 921 527 957 Μ.
558 922 635 957 Ald.
667 921 756 957 Rob.
812 922 928 957 Ceteri
964 922 1117 958 litteram
1150 923 1402 970 paragogicam
1437 923 1633 970 negligunt.

150 973 316 1025 σέλματι
339 976 502 1012 Cantahr.
517 978 553 1013 2.

265 1034 357 1069 354.
388 1033 495 1068 ναῶν
514 1033 558 1067 Μ.
582 1032 620 1068 G.
643 1033 710 1068 vit.
732 1033 827 1080 Lips.
851 1033 937 1068 Ven.
955 1033 992 1068 B.
1016 1033 1181 1069 Cantabr.
1201 1035 1237 1070 2.
1260 1035 1338 1070 Par.
1357 1035 1395 1070 L.
1438 1034 1536 1070 νεῶν
1555 1034 1633 1070 ΑΜ.

150 1088 239 1123 noh.
262 1089 368 1123 Turn.
410 1089 480 1123 νῦν
500 1088 609 1124 Mose.
725 1082 1012 1137 ἕπενθορόνῐες
1032 1090 1071 1124 G.
1094 1090 1180 1125 Ven.
1199 1092 1238 1125 A.
1256 1091 1293 1125 Β.
1316 1090 1422 1125 Turn.
1464 1087 1635 1125 ἔπειθο-

151 1144 298 1193 powg
318 1144 394 1179 Ald.
436 1138 733 1193 ἐπανθορόντες
752 1144 796 1179 Μ.
816 1144 981 1179 Cantabr.
1011 1147 1042 1180 l.
1067 1146 1102 1181 2.
1126 1146 1236 1181 Mose.
1260 1146 1338 1181 Par.
1362 1148 1399 1181 C.
1422 1147 1460 1180 L.
1484 1146 1523 1180 N.
1544 1146 1632 1181 1101).

150 1197 455 1248 ἓπανθορῶνῑες
474 1200 541 1234 vit.
563 1199 748 1235 Lambcth.
771 1205 806 1235 et
827 1211 935 1247 supra
955 1201 1089 1247 scripto
1112 1201 1155 1236 ad
1176 1201 1368 1237 secundam
1391 1201 1560 1249 syllabam
1581 1212 1634 1246 εν,

150 1256 193 1290 ad
216 1260 376 1302 quartani
399 1249 431 1299 ό,
453 1255 548 1301 Lips.

264 1312 355 1347 355.
385 1308 478 1356 βίον
499 1311 564 1345 vit.
588 1316 623 1345 et
644 1310 781 1356 aliquot
801 1311 870 1346 alii.
957 1307 1206 1347 ἒκσωσαιάτο
1228 1311 1319 1347 libri.
1361 1312 1400 1347 V.
1423 1312 1467 1347 ad
1489 1324 1519 1347 v.
1540 1313 1631 1348 353.

264 1368 356 1402 356.
388 1361 409 1402 ὃ
433 1360 467 1400 d’
490 1366 534 1401 M.
576 1359 636 1401 ὅδ’
661 1366 727 1401 ΥΠ.
745 1366 840 1412 Lips.
862 1366 940 1401 Ald.
964 1367 1052 1402 Rob.
1094 1367 1205 1414 Vulgo
1228 1362 1247 1403 ὃ
1272 1361 1320 1403 δ’.

264 1423 355 1458 357.
386 1422 467 1457 τῶν
485 1433 550 1469 pro
572 1416 642 1457 τὸν
656 1422 750 1468 Lips.
768 1422 845 1457 ΡΜ.
865 1423 903 1458 L.
923 1427 958 1457 et
979 1428 1059 1458 ante
1082 1423 1343 1458 correctionem
1361 1423 1405 1458 M.
1448 1417 1515 1458 τὸν
1533 1421 1634 1457 θεοῦ

149 1478 227 1513 Par.
249 1478 289 1512 N.

263 1534 354 1570 358.
386 1533 507 1568 πᾶσιν
527 1533 719 1573 Porsonns,
744 1538 779 1568 et
800 1533 849 1568 sie
867 1532 911 1568 Μ.
954 1533 1069 1568 Ceteri
1091 1532 1202 1568 πᾶσι.
1316 1534 1631 1583 προσψωέΐΥἰί.

147 1589 242 1635 Lips.
266 1589 351 1624 Ven.
369 1590 409 1624 Λ.
432 1589 560 1635 aliique
582 1589 741 1623 nonnulli
763 1594 799 1624 et
819 1589 896 1623 Ald.
919 1588 1008 1624 Rob.
1104 1583 1258 1625 τοιόνδε
1279 1589 1366 1625 Ven.
1389 1591 1429 1625 A.
1535 1602 1632 1624 vm:-

149 1638 293 1694 άρχαις
312 1644 388 1679 Ald.
413 1649 448 1679 et
470 1655 528 1686 οις
548 1644 654 1679 minio
677 1656 784 1690 supra
807 1645 941 1691 scripto
965 1646 1004 1679 G.

263 1702 354 1737 359.
387 1694 518 1748 ([λόγα
548 1711 613 1746 pro
637 1694 776 1747 χθόνα
807 1700 884 1735 Par.
909 1700 945 1735 C.
970 1701 1010 1735 K.
1034 1700 1071 1735 L.
1103 1700 1192 1735 Rob.
1249 1712 1310 1750 γρ.
1333 1694 1465 1750 φλόγα
1495 1700 1632 1735 adscri-

148 1761 248 1802 ptunl
270 1756 302 1790 in
326 1756 420 1802 Lips.
443 1755 570 1790 Pannss.
606 1749 761 1801 χθονός
781 1755 999 1802 adscriptum
1021 1756 1056 1790 in
1077 1756 1155 1790 Par.
1179 1756 1217 1791 C.

263 1813 354 1847 360.
386 1806 475 1860 λέξῃ
498 1810 584 1845 Ven.
607 1812 647 1845 A.

264 1868 355 1902 361.
387 1867 531 1914 στῖςῑος
557 1861 632 1912 μὲν
658 1865 703 1900 Μ.
735 1865 774 1900 G.
805 1865 911 1901 Turn.
967 1861 1111 1915 στίφος
1129 1861 1204 1913 μὲν
1224 1866 1291 1901 vit.
1313 1865 1391 1901 Ald.
1414 1865 1503 1901 Rob.
1558 1861 1633 1913 μὲν

148 1922 292 1971 στῖᾳος
312 1921 520 1961 Brunckius,
544 1921 653 1962 nullo,
676 1926 716 1955 ut
736 1921 884 1963 videtur,
908 1927 1068 1957 auctore.

259 1972 434 2024 στοίχοις
454 1977 497 2011 M.
521 1976 685 2011 Cantabr.
706 1977 741 2012 2.
765 1976 864 2011 Goth.
888 1979 921 2013 1.
946 1978 982 2013 2.
1024 1977 1099 2012 Iloc
1128 1976 1243 2012 suerat
1275 1977 1379 2012 etiam
1410 1977 1444 2011 in
1466 1976 1533 2011 vit.
1567 1976 1630 2011 sed

147 2033 181 2067 in
203 2029 354 2079 στίχοις
374 2037 547 2067 mutatum
570 2037 636 2067 est.
694 2028 869 2079 σῖίχαις,
907 2033 948 2067 ad
972 2045 1010 2067 αι
1033 2044 1140 2079 supra
1162 2033 1298 2079 scripto
1321 2044 1377 2077 οι,
1400 2032 1496 2078 Lips.
1518 2032 1629 2067 Mose.

149 2088 263 2123 Ceteri
285 2084 446 2135 στίχοις.
486 2087 557 2123 Sed
577 2088 659 2123 huic
680 2087 864 2129 vocabulo,
890 2088 985 2135 quod
1006 2089 1041 2123 in
1061 2100 1099 2123 re
1121 2088 1263 2124 militari
1284 2088 1409 2123 dubiae
1426 2088 1507 2123 fidoi
1524 2093 1631 2124 estet

147 2144 289 2179 omnino
312 2144 405 2190 apud
427 2144 581 2189 tragicos
602 2155 675 2178 non
695 2144 881 2185 invenitur,
903 2144 1176 2191 praeferendum
1199 2149 1254 2179 est
1275 2140 1460 2191 στοίχοις.

261 2200 352 2236 362.
385 2194 610 2247 ἁλιρόθους
628 2199 706 2234 Ald.
728 2199 818 2234 Rol).

261 2256 352 2291 363.
384 2248 540 2289 κύκλων
559 2255 645 2289 Yon.
662 2255 700 2289 B.
788 2248 920 2301 νήσων
939 2254 1016 2289 Ald.
1035 2259 1070 2289 et
1091 2259 1173 2289 ante
1195 2265 1268 2289 sec.
1286 2265 1411 2289 manus
1429 2253 1629 2289 eorrectio—

146 2321 227 2344 nem
250 2310 317 2344 vit.
360 2310 504 2344 νοῦσον
524 2309 613 2344 Rol).
728 2304 830 2357 πέρι,
853 2321 955 2344 eraso
978 2307 1011 2354 ξ,
1032 2310 1100 2344 vit.

261 2366 352 2401 364.
384 2359 475 2399 ὡσεὶ
499 2376 516 2399 c
539 2365 764 2399 correctione
786 2365 881 2411 Lips.
922 2366 1035 2400 Antea
1056 2369 1154 2400 recte
1176 2357 1230 2407 ὥς
1250 2361 1294 2400 εἴ.

261 2421 353 2457 365.
387 2416 728 2455 ιά·ι’σὶν1)υι·5οηιι5.
760 2417 952 2466 νιμσὶνΜ.
987 2416 1230 2467 unotxulgo.
1310 2414 1576 2471 εὗοόνταΥοη.
1589 2422 1626 2457 Β.

261 2477 352 2512 366.
384 2475 506 2510 ῖιᾶσιι
527 2475 570 2510 M.
660 2471 944 2524 σῖεοίσκεσθαι
965 2476 1032 2511 Υἰῐ.
1052 2476 1146 2522 Lips.
1169 2476 1279 2511 Mose.
1302 2476 1380 2512 Par.
1397 2477 1438 2512 N.
1481 2478 1550 2513 Sed
1566 2489 1627 2527 99.

146 2525 362 2580 στέοεσθαι
385 2530 631 2577 adscriptum
623 2543 658 2565 111
678 2531 746 2565 vit.
768 2531 863 2578 Lips.
956 2526 1102 2579 κοάτος
1123 2531 1161 2566 tr.
1185 2536 1220 2566 et
1242 2543 1282 2566 ex
1303 2543 1376 2568 sec.
1398 2545 1521 2568 manus
1545 2545 1628 2569 eor-

146 2587 305 2622 1cctio11e
328 2586 372 2621 M.
397 2598 500 2632 «luam
522 2586 712 2622 lectionem
734 2586 896 2633 impolite
918 2587 1074 2633 piaeseit
1095 2586 1320 2622 scholiastes.

257 2643 380 2677 Melius
402 2648 584 2677 constaret
606 2647 805 2688 tempoiuin
827 2654 843 2677 1·
846 2643 928 2683 itio,
953 2643 982 2677 si
1000 2643 1169 2689 seiiptuin
1186 2648 1281 2678 essct
1298 2637 1343 2679 ὃν
1357 2640 1627 2693 προκειζιιενοι.

145 2697 231 2733 Nam
254 2698 282 2733 si
302 2687 351 2746 ἧν
371 2698 514 2745 sciipsit
534 2698 743 2745 Λο5ε]ι)1ιι5,
766 2698 966 2735 nocuimus
988 2702 1069 2734 inte
1091 2698 1235 2735 dlxisset
1255 2695 1289 2734 εἷ
1308 2694 1469 2750 ἔφυγον.
