<?xml version="1.0" encoding="UTF-8"?>
<!DOCTYPE html PUBLIC "-//W3C//DTD XHTML 1.0 Transitional//EN"
    "http://www.w3.org/TR/xhtml1/DTD/xhtml1-transitional.dtd">
<html xmlns="http://www.w3.org/1999/xhtml" xml:lang="en" lang="en">
 <head>
  <title>
</title>
<meta http-equiv="Content-Type" content="text/html;charset=utf-8" />
  <meta name='ocr-system' content='tesseract 3.04.00' />
  <meta name='ocr-capabilities' content='ocr_page ocr_carea ocr_par ocr_line ocrx_word'/>
</head>
<body>
  <div class='ocr_page' id='page_1' title='image "./tragoediaerecens02aescuoft_0186.png"; bbox 0 0 1878 3115; ppageno 0'>
   <div class='ocr_carea' id='block_1_1' title="bbox 220 202 1125 240">
    <p class='ocr_par' dir='ltr' id='par_1_1' title="bbox 220 202 1125 240">
     <span class='ocr_line' id='line_1_1' title="bbox 220 202 1125 240; baseline -0.002 -2"><span class='ocrx_word' id='word_1_1' title='bbox 220 202 293 240; x_wconf 79' lang='grc'>172</span> <span class='ocrx_word' id='word_1_2' title='bbox 783 204 1125 238; x_wconf 68' lang='lat' dir='ltr'><strong>ADNOTATIONES</strong></span> 
     </span>
    </p>
   </div>
   <div class='ocr_carea' id='block_1_2' title="bbox 205 301 1693 2724">
    <p class='ocr_par' dir='ltr' id='par_1_2' title="bbox 323 301 1493 347">
     <span class='ocr_line' id='line_1_2' title="bbox 323 301 1493 347; baseline -0.005 0"><span class='ocrx_word' id='word_1_3' title='bbox 323 312 387 347; x_wconf 80' lang='grc'>64.</span> <span class='ocrx_word' id='word_1_4' title='bbox 420 305 461 343; x_wconf 73' lang='grc' dir='ltr'>δ’</span> <span class='ocrx_word' id='word_1_5' title='bbox 486 321 526 343; x_wconf 79' lang='lat' dir='ltr'>ex</span> <span class='ocrx_word' id='word_1_6' title='bbox 548 309 760 344; x_wconf 72' lang='lat' dir='ltr'>scholiastae</span> <span class='ocrx_word' id='word_1_7' title='bbox 783 308 1012 342; x_wconf 70' lang='lat' dir='ltr'>adnotatione</span> <span class='ocrx_word' id='word_1_8' title='bbox 1035 306 1288 341; x_wconf 83' lang='lat' dir='ltr'>Blomfieldius.</span> <span class='ocrx_word' id='word_1_9' title='bbox 1330 306 1422 341; x_wconf 83' lang='lat' dir='ltr'>Libri</span> <span class='ocrx_word' id='word_1_10' title='bbox 1446 301 1493 342; x_wconf 75' lang='grc' dir='ltr'>τ’.</span> 
     </span>
    </p>

    <p class='ocr_par' dir='ltr' id='par_1_3' title="bbox 207 356 1691 631">
     <span class='ocr_line' id='line_1_3' title="bbox 317 356 1691 413; baseline -0.002 -14"><span class='ocrx_word' id='word_1_11' title='bbox 317 359 583 413; x_wconf 75' lang='grc' dir='ltr'><em>ἡμερόλεκτον</em></span> <span class='ocrx_word' id='word_1_12' title='bbox 612 364 651 398; x_wconf 90' lang='lat' dir='ltr'>G.</span> <span class='ocrx_word' id='word_1_13' title='bbox 683 375 701 398; x_wconf 90' lang='lat' dir='ltr'>e</span> <span class='ocrx_word' id='word_1_14' title='bbox 731 363 967 398; x_wconf 75' lang='lat' dir='ltr'>correctione.</span> <span class='ocrx_word' id='word_1_15' title='bbox 1009 364 1121 398; x_wconf 86' lang='lat' dir='ltr'>Antea</span> <span class='ocrx_word' id='word_1_16' title='bbox 1143 361 1257 396; x_wconf 89' lang='lat' dir='ltr'>suerat</span> <span class='ocrx_word' id='word_1_17' title='bbox 1278 356 1567 411; x_wconf 77' lang='grc' dir='ltr'><em>ἡμερόλεγὸὀν,</em></span> <span class='ocrx_word' id='word_1_18' title='bbox 1597 362 1691 397; x_wconf 81' lang='lat' dir='ltr'>utin</span> 
     </span>
     <span class='ocr_line' id='line_1_4' title="bbox 208 417 1690 465; baseline -0.003 -10"><span class='ocrx_word' id='word_1_19' title='bbox 208 422 336 456; x_wconf 84' lang='lat' dir='ltr'>ceteris</span> <span class='ocrx_word' id='word_1_20' title='bbox 358 419 468 454; x_wconf 75' lang='lat' dir='ltr'>libris.</span> <span class='ocrx_word' id='word_1_21' title='bbox 512 419 826 465; x_wconf 83' lang='lat' dir='ltr'>Proparoxytonon</span> <span class='ocrx_word' id='word_1_22' title='bbox 848 423 903 453; x_wconf 85' lang='lat' dir='ltr'>est</span> <span class='ocrx_word' id='word_1_23' title='bbox 924 419 992 453; x_wconf 92' lang='lat' dir='ltr'>hoc</span> <span class='ocrx_word' id='word_1_24' title='bbox 1010 417 1213 452; x_wconf 78' lang='lat' dir='ltr'>adverbium</span> <span class='ocrx_word' id='word_1_25' title='bbox 1232 417 1325 463; x_wconf 86' lang='lat' dir='ltr'>apud</span> <span class='ocrx_word' id='word_1_26' title='bbox 1338 417 1529 451; x_wconf 87' lang='lat' dir='ltr'>Lucianum</span> <span class='ocrx_word' id='word_1_27' title='bbox 1546 417 1690 464; x_wconf 83' lang='lat' dir='ltr'>Lexiph.</span> 
     </span>
     <span class='ocr_line' id='line_1_5' title="bbox 208 471 1691 521; baseline -0.003 -10"><span class='ocrx_word' id='word_1_28' title='bbox 208 488 239 511; x_wconf 88' lang='lat' dir='ltr'>c.</span> <span class='ocrx_word' id='word_1_29' title='bbox 256 478 291 512; x_wconf 81' lang='lat'><strong>9.</strong></span> <span class='ocrx_word' id='word_1_30' title='bbox 315 475 407 521; x_wconf 84' lang='lat' dir='ltr'>apud</span> <span class='ocrx_word' id='word_1_31' title='bbox 429 474 677 520; x_wconf 79' lang='lat' dir='ltr'>Etymologum</span> <span class='ocrx_word' id='word_1_32' title='bbox 698 486 733 521; x_wconf 87' lang='lat' dir='ltr'><strong>p.</strong></span> <span class='ocrx_word' id='word_1_33' title='bbox 758 475 850 515; x_wconf 75' lang='lat'>429,</span> <span class='ocrx_word' id='word_1_34' title='bbox 876 475 940 509; x_wconf 76' lang='lat'><strong>40.</strong></span> <span class='ocrx_word' id='word_1_35' title='bbox 964 473 1057 520; x_wconf 87' lang='lat' dir='ltr'>apud</span> <span class='ocrx_word' id='word_1_36' title='bbox 1072 473 1248 513; x_wconf 89' lang='lat' dir='ltr'>Photium,</span> <span class='ocrx_word' id='word_1_37' title='bbox 1273 472 1366 519; x_wconf 82' lang='lat' dir='ltr'>apud</span> <span class='ocrx_word' id='word_1_38' title='bbox 1384 471 1540 506; x_wconf 88' lang='lat' dir='ltr'>Suidam.</span> <span class='ocrx_word' id='word_1_39' title='bbox 1581 472 1691 507; x_wconf 85' lang='lat' dir='ltr'>Recte</span> 
     </span>
     <span class='ocr_line' id='line_1_6' title="bbox 208 527 1690 576; baseline -0.001 -12"><span class='ocrx_word' id='word_1_40' title='bbox 208 542 289 566; x_wconf 91' lang='lat' dir='ltr'>vero</span> <span class='ocrx_word' id='word_1_41' title='bbox 320 534 497 576; x_wconf 81' lang='lat' dir='ltr'>oxytonon</span> <span class='ocrx_word' id='word_1_42' title='bbox 526 530 620 576; x_wconf 85' lang='lat' dir='ltr'>apud</span> <span class='ocrx_word' id='word_1_43' title='bbox 647 530 873 565; x_wconf 77' lang='lat' dir='ltr'>Aristotelem</span> <span class='ocrx_word' id='word_1_44' title='bbox 905 529 994 564; x_wconf 89' lang='lat' dir='ltr'>Hist.</span> <span class='ocrx_word' id='word_1_45' title='bbox 1017 530 1082 563; x_wconf 90' lang='lat' dir='ltr'>An.</span> <span class='ocrx_word' id='word_1_46' title='bbox 1106 528 1160 563; x_wconf 89' lang='lat' dir='ltr'><strong>VI.</strong></span> <span class='ocrx_word' id='word_1_47' title='bbox 1185 529 1250 564; x_wconf 86' lang='lat'><strong>21.</strong></span> <span class='ocrx_word' id='word_1_48' title='bbox 1301 527 1345 562; x_wconf 88' lang='lat' dir='ltr'>Et</span> <span class='ocrx_word' id='word_1_49' title='bbox 1366 527 1416 562; x_wconf 85' lang='lat' dir='ltr'>sie</span> <span class='ocrx_word' id='word_1_50' title='bbox 1437 527 1578 562; x_wconf 83' lang='lat' dir='ltr'>volebat</span> <span class='ocrx_word' id='word_1_51' title='bbox 1599 527 1690 574; x_wconf 86' lang='lat' dir='ltr'>apud</span> 
     </span>
     <span class='ocr_line' id='line_1_7' title="bbox 207 585 594 631; baseline -0.005 -10"><span class='ocrx_word' id='word_1_52' title='bbox 207 586 401 621; x_wconf 85' lang='lat' dir='ltr'>Lueianum</span> <span class='ocrx_word' id='word_1_53' title='bbox 425 585 594 631; x_wconf 81' lang='lat' dir='ltr'>Guyetus.</span> 
     </span>
    </p>

    <p class='ocr_par' dir='ltr' id='par_1_4' title="bbox 205 636 1692 743">
     <span class='ocr_line' id='line_1_8' title="bbox 321 636 1692 689; baseline -0.003 -13"><span class='ocrx_word' id='word_1_54' title='bbox 321 641 385 676; x_wconf 83' lang='lat'><strong>65.</strong></span> <span class='ocrx_word' id='word_1_55' title='bbox 418 636 676 689; x_wconf 84' lang='grc' dir='ltr'><em>τρομαιόνται</em></span> <span class='ocrx_word' id='word_1_56' title='bbox 712 640 751 675; x_wconf 94' lang='lat' dir='ltr'><strong>G.</strong></span> <span class='ocrx_word' id='word_1_57' title='bbox 782 645 818 675; x_wconf 93' lang='lat' dir='ltr'>et</span> <span class='ocrx_word' id='word_1_58' title='bbox 846 644 926 675; x_wconf 87' lang='lat' dir='ltr'>ante</span> <span class='ocrx_word' id='word_1_59' title='bbox 957 650 1029 674; x_wconf 81' lang='lat' dir='ltr'>sec.</span> <span class='ocrx_word' id='word_1_60' title='bbox 1060 650 1185 673; x_wconf 87' lang='lat' dir='ltr'>manus</span> <span class='ocrx_word' id='word_1_61' title='bbox 1207 638 1467 673; x_wconf 73' lang='lat' dir='ltr'>correctionem</span> <span class='ocrx_word' id='word_1_62' title='bbox 1490 638 1555 672; x_wconf 88' lang='lat' dir='ltr'>Vit.</span> <span class='ocrx_word' id='word_1_63' title='bbox 1598 648 1692 687; x_wconf 92' lang='grc' dir='ltr'><em>τρο-</em></span> 
     </span>
     <span class='ocr_line' id='line_1_9' title="bbox 205 692 470 743; baseline -0.004 -13"><span class='ocrx_word' id='word_1_64' title='bbox 205 692 354 743; x_wconf 77' lang='grc' dir='ltr'><em>μέοντα</em></span> <span class='ocrx_word' id='word_1_65' title='bbox 376 695 470 742; x_wconf 79' lang='lat' dir='ltr'>Lips.</span> 
     </span>
    </p>

    <p class='ocr_par' dir='ltr' id='par_1_5' title="bbox 507 743 1674 763">
     <span class='ocr_line' id='line_1_10' title="bbox 507 743 1674 763; baseline 0.001 -3"><span class='ocrx_word' id='word_1_66' title='bbox 507 746 517 760; x_wconf 76' lang='lat' dir='ltr'><em>t</em></span> <span class='ocrx_word' id='word_1_67' title='bbox 673 746 680 759; x_wconf 71' lang='grc' dir='ltr'>ι</span> <span class='ocrx_word' id='word_1_68' title='bbox 729 745 739 758; x_wconf 90' lang='grc'>(</span> <span class='ocrx_word' id='word_1_69' title='bbox 1047 762 1050 763; x_wconf 21' lang='lat'><em>⁷</em></span> <span class='ocrx_word' id='word_1_70' title='bbox 1204 744 1214 758; x_wconf 77' lang='grc' dir='ltr'><em>Ι</em></span> <span class='ocrx_word' id='word_1_71' title='bbox 1355 743 1365 756; x_wconf 90' lang='grc'>(</span> <span class='ocrx_word' id='word_1_72' title='bbox 1386 749 1391 761; x_wconf 78' lang='grc' dir='ltr'><em>ι</em></span> <span class='ocrx_word' id='word_1_73' title='bbox 1548 749 1556 760; x_wconf 65' lang='lat' dir='ltr'>x</span> <span class='ocrx_word' id='word_1_74' title='bbox 1669 749 1674 753; x_wconf 92' lang='lat'>·</span> 
     </span>
    </p>

    <p class='ocr_par' dir='ltr' id='par_1_6' title="bbox 209 749 1693 841">
     <span class='ocr_line' id='line_1_11' title="bbox 323 749 1693 799; baseline -0.002 -13"><span class='ocrx_word' id='word_1_75' title='bbox 323 751 385 786; x_wconf 85' lang='grc'>66.</span> <span class='ocrx_word' id='word_1_76' title='bbox 417 762 610 799; x_wconf 81' lang='grc' dir='ltr'><em>πεπερακε</em></span> <span class='ocrx_word' id='word_1_77' title='bbox 630 763 703 797; x_wconf 82' lang='grc' dir='ltr'><em>μεν</em></span> <span class='ocrx_word' id='word_1_78' title='bbox 723 763 742 786; x_wconf 94' lang='grc' dir='ltr'><em>ο</em></span> <span class='ocrx_word' id='word_1_79' title='bbox 766 750 869 785; x_wconf 88' lang='lat' dir='ltr'>codd.</span> <span class='ocrx_word' id='word_1_80' title='bbox 888 750 964 785; x_wconf 87' lang='lat' dir='ltr'>Ald.</span> <span class='ocrx_word' id='word_1_81' title='bbox 983 749 1071 784; x_wconf 90' lang='lat' dir='ltr'>Rob.</span> <span class='ocrx_word' id='word_1_82' title='bbox 1113 760 1331 798; x_wconf 81' lang='grc' dir='ltr'><em>πεπερακεν</em></span> <span class='ocrx_word' id='word_1_83' title='bbox 1348 761 1368 784; x_wconf 92' lang='grc' dir='ltr'><em>ο</em></span> <span class='ocrx_word' id='word_1_84' title='bbox 1391 749 1491 783; x_wconf 81' lang='lat' dir='ltr'>l&#39;urn.</span> <span class='ocrx_word' id='word_1_85' title='bbox 1534 750 1693 783; x_wconf 67' lang='lat' dir='ltr'>Lorrexit</span> 
     </span>
     <span class='ocr_line' id='line_1_12' title="bbox 209 807 400 841; baseline -0.005 0"><span class='ocrx_word' id='word_1_86' title='bbox 209 807 400 841; x_wconf 82' lang='lat' dir='ltr'>Porsonus.</span> 
     </span>
    </p>

    <p class='ocr_par' dir='ltr' id='par_1_7' title="bbox 209 854 1690 965">
     <span class='ocr_line' id='line_1_13' title="bbox 322 854 1690 908; baseline -0.003 -11"><span class='ocrx_word' id='word_1_87' title='bbox 322 862 386 897; x_wconf 78' lang='lat'><strong>68.</strong></span> <span class='ocrx_word' id='word_1_88' title='bbox 411 861 474 896; x_wconf 78' lang='lat'><strong>69.</strong></span> <span class='ocrx_word' id='word_1_89' title='bbox 506 857 661 908; x_wconf 70' lang='grc' dir='ltr'><em>γείτονα</em></span> <span class='ocrx_word' id='word_1_90' title='bbox 684 855 825 908; x_wconf 84' lang='grc' dir='ltr'><em>χώραν</em></span> <span class='ocrx_word' id='word_1_91' title='bbox 854 860 983 895; x_wconf 85' lang='lat' dir='ltr'>omittit</span> <span class='ocrx_word' id='word_1_92' title='bbox 1004 860 1090 894; x_wconf 89' lang='lat' dir='ltr'>Ven.</span> <span class='ocrx_word' id='word_1_93' title='bbox 1113 859 1150 893; x_wconf 91' lang='lat' dir='ltr'><strong>B.</strong></span> <span class='ocrx_word' id='word_1_94' title='bbox 1262 854 1422 908; x_wconf 79' lang='grc' dir='ltr'><em>χώρας,</em></span> <span class='ocrx_word' id='word_1_95' title='bbox 1446 859 1690 905; x_wconf 84' lang='lat' dir='ltr'>superscripto</span> 
     </span>
     <span class='ocr_line' id='line_1_14' title="bbox 209 911 1217 965; baseline -0.003 -14"><span class='ocrx_word' id='word_1_96' title='bbox 209 929 240 961; x_wconf 88' lang='grc' dir='ltr'><em>ν,</em></span> <span class='ocrx_word' id='word_1_97' title='bbox 263 917 307 951; x_wconf 88' lang='grc' dir='ltr'>Μ.</span> <span class='ocrx_word' id='word_1_98' title='bbox 343 911 479 962; x_wconf 87' lang='grc' dir='ltr'><em>χθόνα</em></span> <span class='ocrx_word' id='word_1_99' title='bbox 500 927 565 962; x_wconf 89' lang='lat' dir='ltr'>pro</span> <span class='ocrx_word' id='word_1_100' title='bbox 581 911 722 965; x_wconf 81' lang='grc' dir='ltr'><em>χώραν</em></span> <span class='ocrx_word' id='word_1_101' title='bbox 743 916 782 950; x_wconf 93' lang='lat' dir='ltr'><strong>G.</strong></span> <span class='ocrx_word' id='word_1_102' title='bbox 804 915 899 962; x_wconf 86' lang='lat' dir='ltr'>Lips.</span> <span class='ocrx_word' id='word_1_103' title='bbox 923 915 1051 961; x_wconf 82' lang='lat' dir='ltr'>aliique</span> <span class='ocrx_word' id='word_1_104' title='bbox 1074 920 1108 949; x_wconf 85' lang='lat' dir='ltr'>et</span> <span class='ocrx_word' id='word_1_105' title='bbox 1130 914 1217 948; x_wconf 83' lang='lat' dir='ltr'>Rob.</span> 
     </span>
    </p>

    <p class='ocr_par' dir='ltr' id='par_1_8' title="bbox 208 965 1690 1061">
     <span class='ocr_line' id='line_1_15' title="bbox 323 965 1690 1019; baseline -0.002 -12"><span class='ocrx_word' id='word_1_106' title='bbox 323 974 341 1007; x_wconf 91' lang='lat'><strong>7</strong></span> <span class='ocrx_word' id='word_1_107' title='bbox 356 974 385 1006; x_wconf 88' lang='lat' dir='ltr'>l.</span> <span class='ocrx_word' id='word_1_108' title='bbox 417 966 533 1013; x_wconf 67' lang='grc' dir='ltr'><em>ἕλλας</em></span> <span class='ocrx_word' id='word_1_109' title='bbox 553 972 596 1005; x_wconf 91' lang='grc' dir='ltr'>Μ.</span> <span class='ocrx_word' id='word_1_110' title='bbox 617 971 687 1019; x_wconf 62' lang='grc' dir='ltr'><strong>Υἰῖ.</strong></span> <span class='ocrx_word' id='word_1_111' title='bbox 711 971 796 1005; x_wconf 78' lang='lat' dir='ltr'>Ven.</span> <span class='ocrx_word' id='word_1_112' title='bbox 814 973 854 1005; x_wconf 87' lang='lat' dir='ltr'><strong>A.</strong></span> <span class='ocrx_word' id='word_1_113' title='bbox 873 971 910 1005; x_wconf 88' lang='grc' dir='ltr'>Β.</span> <span class='ocrx_word' id='word_1_114' title='bbox 934 971 1011 1005; x_wconf 89' lang='lat' dir='ltr'>Par.</span> <span class='ocrx_word' id='word_1_115' title='bbox 1035 972 1074 1005; x_wconf 77' lang='lat' dir='ltr'><strong>A.</strong></span> <span class='ocrx_word' id='word_1_116' title='bbox 1092 970 1130 1004; x_wconf 91' lang='lat' dir='ltr'><strong>B.</strong></span> <span class='ocrx_word' id='word_1_117' title='bbox 1180 965 1295 1016; x_wconf 69' lang='grc' dir='ltr'><em>ἕλλης</em></span> <span class='ocrx_word' id='word_1_118' title='bbox 1317 970 1355 1003; x_wconf 90' lang='lat' dir='ltr'><strong>G.</strong></span> <span class='ocrx_word' id='word_1_119' title='bbox 1379 969 1472 1015; x_wconf 82' lang='lat' dir='ltr'>Lips.</span> <span class='ocrx_word' id='word_1_120' title='bbox 1507 969 1586 1004; x_wconf 88' lang='lat' dir='ltr'>edd.</span> <span class='ocrx_word' id='word_1_121' title='bbox 1609 974 1690 1004; x_wconf 84' lang='lat' dir='ltr'>ante</span> 
     </span>
     <span class='ocr_line' id='line_1_16' title="bbox 208 1026 433 1061; baseline -0.004 0"><span class='ocrx_word' id='word_1_122' title='bbox 208 1026 433 1061; x_wconf 83' lang='lat' dir='ltr'>Brunckium.</span> 
     </span>
    </p>

    <p class='ocr_par' dir='ltr' id='par_1_9' title="bbox 208 1073 1691 1241">
     <span class='ocr_line' id='line_1_17' title="bbox 324 1073 1691 1130; baseline -0.002 -13"><span class='ocrx_word' id='word_1_123' title='bbox 324 1083 386 1117; x_wconf 88' lang='lat'><strong>72.</strong></span> <span class='ocrx_word' id='word_1_124' title='bbox 419 1075 579 1128; x_wconf 71' lang='grc' dir='ltr'><em>ὅδησμα</em></span> <span class='ocrx_word' id='word_1_125' title='bbox 600 1081 695 1127; x_wconf 84' lang='lat' dir='ltr'>Lips.</span> <span class='ocrx_word' id='word_1_126' title='bbox 746 1093 805 1130; x_wconf 70' lang='grc' dir='ltr'>γρ.</span> <span class='ocrx_word' id='word_1_127' title='bbox 838 1076 1003 1129; x_wconf 57' lang='grc' dir='ltr'><em>ἔρεισμα</em></span> <span class='ocrx_word' id='word_1_128' title='bbox 1032 1092 1154 1126; x_wconf 80' lang='lat' dir='ltr'>margo</span> <span class='ocrx_word' id='word_1_129' title='bbox 1186 1080 1279 1126; x_wconf 72' lang='lat' dir='ltr'>Lips.</span> <span class='ocrx_word' id='word_1_130' title='bbox 1329 1091 1390 1127; x_wconf 68' lang='grc' dir='ltr'>γρ.</span> <span class='ocrx_word' id='word_1_131' title='bbox 1422 1073 1584 1127; x_wconf 64' lang='grc' dir='ltr'><em>ἔρεισμα</em></span> <span class='ocrx_word' id='word_1_132' title='bbox 1620 1076 1691 1127; x_wconf 77' lang='grc' dir='ltr'><em>τὴν</em></span> 
     </span>
     <span class='ocr_line' id='line_1_18' title="bbox 209 1128 1691 1185; baseline -0.001 -14"><span class='ocrx_word' id='word_1_133' title='bbox 209 1138 305 1172; x_wconf 80' lang='grc' dir='ltr'><em>ναῦν</em></span> <span class='ocrx_word' id='word_1_134' title='bbox 326 1137 542 1182; x_wconf 86' lang='lat' dir='ltr'>adscriptum</span> <span class='ocrx_word' id='word_1_135' title='bbox 565 1137 607 1171; x_wconf 88' lang='lat' dir='ltr'>ad</span> <span class='ocrx_word' id='word_1_136' title='bbox 629 1130 780 1183; x_wconf 72' lang='grc' dir='ltr'><em>ὅδισμα</em></span> <span class='ocrx_word' id='word_1_137' title='bbox 802 1137 836 1170; x_wconf 93' lang='lat' dir='ltr'>in</span> <span class='ocrx_word' id='word_1_138' title='bbox 858 1137 902 1171; x_wconf 89' lang='lat' dir='ltr'>M.</span> <span class='ocrx_word' id='word_1_139' title='bbox 945 1133 1108 1185; x_wconf 65' lang='grc' dir='ltr'><em>ἔρεισμα</em></span> <span class='ocrx_word' id='word_1_140' title='bbox 1129 1135 1217 1170; x_wconf 85' lang='lat' dir='ltr'>Rob.</span> <span class='ocrx_word' id='word_1_141' title='bbox 1260 1128 1413 1180; x_wconf 72' lang='grc' dir='ltr'><em>ὅδισμα</em></span> <span class='ocrx_word' id='word_1_142' title='bbox 1434 1134 1605 1170; x_wconf 87' lang='lat' dir='ltr'>vocabulo</span> <span class='ocrx_word' id='word_1_143' title='bbox 1629 1146 1691 1170; x_wconf 80' lang='lat' dir='ltr'>ex·-</span> 
     </span>
     <span class='ocr_line' id='line_1_19' title="bbox 208 1187 1412 1241; baseline -0.003 -13"><span class='ocrx_word' id='word_1_144' title='bbox 208 1192 417 1239; x_wconf 82' lang='lat' dir='ltr'>plicationes</span> <span class='ocrx_word' id='word_1_145' title='bbox 439 1187 613 1239; x_wconf 81' lang='grc' dir='ltr'><em>πορειάν.</em></span> <span class='ocrx_word' id='word_1_146' title='bbox 645 1187 820 1241; x_wconf 68' lang='grc' dir='ltr'><em>ἔρεισμα.</em></span> <span class='ocrx_word' id='word_1_147' title='bbox 852 1187 947 1227; x_wconf 70' lang='grc' dir='ltr'><em>ὀδόν</em></span> <span class='ocrx_word' id='word_1_148' title='bbox 968 1202 1074 1237; x_wconf 78' lang='lat' dir='ltr'>supra</span> <span class='ocrx_word' id='word_1_149' title='bbox 1096 1191 1294 1236; x_wconf 68' lang='lat' dir='ltr'>adscriptae</span> <span class='ocrx_word' id='word_1_150' title='bbox 1318 1190 1350 1224; x_wconf 92' lang='lat' dir='ltr'>in</span> <span class='ocrx_word' id='word_1_151' title='bbox 1374 1190 1412 1225; x_wconf 89' lang='lat' dir='ltr'>G.</span> 
     </span>
    </p>

    <p class='ocr_par' dir='ltr' id='par_1_10' title="bbox 322 1241 980 1293">
     <span class='ocr_line' id='line_1_20' title="bbox 322 1241 980 1293; baseline -0.005 -10"><span class='ocrx_word' id='word_1_152' title='bbox 322 1249 385 1283; x_wconf 81' lang='lat'><strong>74.</strong></span> <span class='ocrx_word' id='word_1_153' title='bbox 419 1241 534 1293; x_wconf 67' lang='grc' dir='ltr'><em>ἇσίης</em></span> <span class='ocrx_word' id='word_1_154' title='bbox 555 1252 634 1281; x_wconf 84' lang='lat' dir='ltr'>ante</span> <span class='ocrx_word' id='word_1_155' title='bbox 658 1247 918 1282; x_wconf 82' lang='lat' dir='ltr'>correctionem</span> <span class='ocrx_word' id='word_1_156' title='bbox 942 1247 980 1281; x_wconf 88' lang='lat' dir='ltr'><strong>G.</strong></span> 
     </span>
    </p>

    <p class='ocr_par' dir='ltr' id='par_1_11' title="bbox 323 1297 1294 1350">
     <span class='ocr_line' id='line_1_21' title="bbox 323 1297 1294 1350; baseline -0.004 -12"><span class='ocrx_word' id='word_1_157' title='bbox 323 1305 386 1338; x_wconf 86' lang='grc'>76.</span> <span class='ocrx_word' id='word_1_158' title='bbox 416 1297 557 1350; x_wconf 79' lang='grc' dir='ltr'><em>χώραν</em></span> <span class='ocrx_word' id='word_1_159' title='bbox 578 1314 642 1348; x_wconf 88' lang='lat' dir='ltr'>pro</span> <span class='ocrx_word' id='word_1_160' title='bbox 660 1298 795 1349; x_wconf 84' lang='grc' dir='ltr'><em>χθόνα</em></span> <span class='ocrx_word' id='word_1_161' title='bbox 818 1303 856 1337; x_wconf 89' lang='lat' dir='ltr'><strong>G.</strong></span> <span class='ocrx_word' id='word_1_162' title='bbox 880 1303 974 1348; x_wconf 73' lang='lat' dir='ltr'>Lips.</span> <span class='ocrx_word' id='word_1_163' title='bbox 999 1302 1126 1347; x_wconf 84' lang='lat' dir='ltr'>aliique</span> <span class='ocrx_word' id='word_1_164' title='bbox 1150 1306 1184 1335; x_wconf 86' lang='lat' dir='ltr'>et</span> <span class='ocrx_word' id='word_1_165' title='bbox 1206 1300 1294 1335; x_wconf 87' lang='lat' dir='ltr'>Rob.</span> 
     </span>
    </p>

    <p class='ocr_par' dir='ltr' id='par_1_12' title="bbox 209 1349 1689 1515">
     <span class='ocr_line' id='line_1_22' title="bbox 320 1349 1689 1407; baseline 0.005 -15"><span class='ocrx_word' id='word_1_166' title='bbox 320 1358 523 1392; x_wconf 81' lang='lat' dir='ltr'>Eustathius</span> <span class='ocrx_word' id='word_1_167' title='bbox 545 1369 579 1404; x_wconf 86' lang='lat' dir='ltr'><strong>p.</strong></span> <span class='ocrx_word' id='word_1_168' title='bbox 605 1359 696 1399; x_wconf 81' lang='lat'>212,</span> <span class='ocrx_word' id='word_1_169' title='bbox 722 1359 785 1394; x_wconf 73' lang='lat'>42.</span> <span class='ocrx_word' id='word_1_170' title='bbox 816 1353 860 1393; x_wconf 88' lang='grc' dir='ltr'>τὸ</span> <span class='ocrx_word' id='word_1_171' title='bbox 893 1354 935 1392; x_wconf 71' lang='grc' dir='ltr'>δὲ</span> <span class='ocrx_word' id='word_1_172' title='bbox 962 1352 1109 1403; x_wconf 68' lang='grc' dir='ltr'><em>ποιμὴν</em></span> <span class='ocrx_word' id='word_1_173' title='bbox 1136 1354 1265 1399; x_wconf 62' lang='grc' dir='ltr'><em>λαῶν,</em></span> <span class='ocrx_word' id='word_1_174' title='bbox 1295 1349 1441 1390; x_wconf 62' lang='grc' dir='ltr'>Ταῦϊὸν</span> <span class='ocrx_word' id='word_1_175' title='bbox 1470 1350 1514 1391; x_wconf 67' lang='lat'>31²</span> <span class='ocrx_word' id='word_1_176' title='bbox 1541 1357 1597 1407; x_wconf 72' lang='grc' dir='ltr'><em>ΐῷ</em></span> <span class='ocrx_word' id='word_1_177' title='bbox 1620 1351 1689 1391; x_wconf 63' lang='grc' dir='ltr'>ἇν-</span> 
     </span>
     <span class='ocr_line' id='line_1_23' title="bbox 209 1407 1689 1461; baseline 0.001 -16"><span class='ocrx_word' id='word_1_178' title='bbox 209 1409 317 1461; x_wconf 75' lang='grc' dir='ltr'><em>ὁριῦν</em></span> <span class='ocrx_word' id='word_1_179' title='bbox 336 1408 565 1461; x_wconf 73' lang='grc' dir='ltr'><em>ποιμάνωρ,</em></span> <span class='ocrx_word' id='word_1_180' title='bbox 587 1410 793 1455; x_wconf 73' lang='grc' dir='ltr'><em>συνθέτως</em></span> <span class='ocrx_word' id='word_1_181' title='bbox 813 1408 1021 1459; x_wconf 77' lang='grc' dir='ltr'>Αἰσχύλος</span> <span class='ocrx_word' id='word_1_182' title='bbox 1041 1407 1190 1461; x_wconf 67' lang='grc' dir='ltr'><em>εἴρηκε,</em></span> <span class='ocrx_word' id='word_1_183' title='bbox 1214 1407 1278 1446; x_wconf 77' lang='grc' dir='ltr'>καὶ</span> <span class='ocrx_word' id='word_1_184' title='bbox 1299 1407 1344 1447; x_wconf 84' lang='grc' dir='ltr'>τὸ</span> <span class='ocrx_word' id='word_1_185' title='bbox 1367 1413 1549 1447; x_wconf 83' lang='grc' dir='ltr'><em>τοιοῦτον</em></span> <span class='ocrx_word' id='word_1_186' title='bbox 1568 1424 1689 1458; x_wconf 81' lang='grc' dir='ltr'><em>ποιμ-</em></span> 
     </span>
     <span class='ocr_line' id='line_1_24' title="bbox 209 1463 581 1515; baseline -0.003 -13"><span class='ocrx_word' id='word_1_187' title='bbox 209 1479 292 1502; x_wconf 89' lang='grc' dir='ltr'><em>νιον</em></span> <span class='ocrx_word' id='word_1_188' title='bbox 311 1463 581 1515; x_wconf 76' lang='grc' dir='ltr'><em>ποιμανόριον.</em></span> 
     </span>
    </p>

    <p class='ocr_par' dir='ltr' id='par_1_13' title="bbox 320 1518 758 1569">
     <span class='ocr_line' id='line_1_25' title="bbox 320 1518 758 1569; baseline 0 -12"><span class='ocrx_word' id='word_1_189' title='bbox 320 1518 420 1557; x_wconf 69' lang='grc' dir='ltr'><em>θεῖτ’</em></span> <span class='ocrx_word' id='word_1_190' title='bbox 444 1534 509 1569; x_wconf 88' lang='lat' dir='ltr'>pro</span> <span class='ocrx_word' id='word_1_191' title='bbox 531 1521 644 1558; x_wconf 76' lang='grc' dir='ltr'><em>θεῖον</em></span> <span class='ocrx_word' id='word_1_192' title='bbox 663 1523 758 1569; x_wconf 79' lang='lat' dir='ltr'>Lips.</span> 
     </span>
    </p>

    <p class='ocr_par' dir='ltr' id='par_1_14' title="bbox 325 1573 842 1625">
     <span class='ocr_line' id='line_1_26' title="bbox 325 1573 842 1625; baseline -0.002 -11"><span class='ocrx_word' id='word_1_193' title='bbox 325 1580 388 1614; x_wconf 91' lang='lat'><strong>77.</strong></span> <span class='ocrx_word' id='word_1_194' title='bbox 421 1573 575 1613; x_wconf 71' lang='grc' dir='ltr'><em>ἐλαύνοι</em></span> <span class='ocrx_word' id='word_1_195' title='bbox 599 1574 782 1625; x_wconf 80' lang='grc' dir='ltr'><em>ὁέιχόθεν</em></span> <span class='ocrx_word' id='word_1_196' title='bbox 803 1579 842 1613; x_wconf 95' lang='lat' dir='ltr'><strong>G.</strong></span> 
     </span>
    </p>

    <p class='ocr_par' dir='ltr' id='par_1_15' title="bbox 209 1628 1688 1793">
     <span class='ocr_line' id='line_1_27' title="bbox 325 1628 1688 1680; baseline -0.001 -10"><span class='ocrx_word' id='word_1_197' title='bbox 325 1634 387 1670; x_wconf 85' lang='lat'><strong>78.</strong></span> <span class='ocrx_word' id='word_1_198' title='bbox 421 1628 636 1675; x_wconf 74' lang='grc' dir='ltr'><em>θαλάσσας</em></span> <span class='ocrx_word' id='word_1_199' title='bbox 669 1634 921 1668; x_wconf 81' lang='lat' dir='ltr'>Blomsseldius.</span> <span class='ocrx_word' id='word_1_200' title='bbox 978 1633 1072 1668; x_wconf 87' lang='lat' dir='ltr'>Idem</span> <span class='ocrx_word' id='word_1_201' title='bbox 1109 1638 1206 1668; x_wconf 83' lang='lat' dir='ltr'>recte</span> <span class='ocrx_word' id='word_1_202' title='bbox 1243 1633 1386 1667; x_wconf 82' lang='lat' dir='ltr'>sustulit</span> <span class='ocrx_word' id='word_1_203' title='bbox 1421 1644 1557 1668; x_wconf 87' lang='lat' dir='ltr'>comma</span> <span class='ocrx_word' id='word_1_204' title='bbox 1592 1634 1688 1680; x_wconf 81' lang='lat' dir='ltr'>quod</span> 
     </span>
     <span class='ocr_line' id='line_1_28' title="bbox 209 1683 1688 1737; baseline 0.001 -15"><span class='ocrx_word' id='word_1_205' title='bbox 209 1688 311 1734; x_wconf 69' lang='lat' dir='ltr'>vulgo</span> <span class='ocrx_word' id='word_1_206' title='bbox 347 1694 429 1735; x_wconf 86' lang='lat' dir='ltr'>post</span> <span class='ocrx_word' id='word_1_207' title='bbox 456 1689 546 1724; x_wconf 85' lang='lat' dir='ltr'>lianc</span> <span class='ocrx_word' id='word_1_208' title='bbox 580 1700 703 1724; x_wconf 88' lang='lat' dir='ltr'>vocem</span> <span class='ocrx_word' id='word_1_209' title='bbox 732 1689 949 1736; x_wconf 83' lang='lat' dir='ltr'>ponebatur,</span> <span class='ocrx_word' id='word_1_210' title='bbox 987 1690 1207 1735; x_wconf 84' lang='lat' dir='ltr'>coniungens</span> <span class='ocrx_word' id='word_1_211' title='bbox 1236 1685 1391 1737; x_wconf 73' lang='grc' dir='ltr'><em>ἐχυροῖς</em></span> <span class='ocrx_word' id='word_1_212' title='bbox 1412 1685 1453 1723; x_wconf 71' lang='grc' dir='ltr'>ἐκ</span> <span class='ocrx_word' id='word_1_213' title='bbox 1474 1683 1688 1736; x_wconf 72' lang='grc' dir='ltr'><em>θαλάσσης</em></span> 
     </span>
     <span class='ocr_line' id='line_1_29' title="bbox 209 1740 612 1793; baseline -0.002 -15"><span class='ocrx_word' id='word_1_214' title='bbox 209 1742 422 1793; x_wconf 74' lang='grc' dir='ltr'><em>στυφελοῖς</em></span> <span class='ocrx_word' id='word_1_215' title='bbox 442 1740 612 1792; x_wconf 65' lang='grc' dir='ltr'><em>ἐφέταις.</em></span> 
     </span>
    </p>

    <p class='ocr_par' dir='ltr' id='par_1_16' title="bbox 209 1796 1686 1903">
     <span class='ocr_line' id='line_1_30' title="bbox 324 1796 1686 1847; baseline 0 -12"><span class='ocrx_word' id='word_1_216' title='bbox 324 1800 385 1835; x_wconf 88' lang='grc'>79.</span> <span class='ocrx_word' id='word_1_217' title='bbox 419 1796 591 1847; x_wconf 73' lang='grc' dir='ltr'><em>ἐχυροῖσι</em></span> <span class='ocrx_word' id='word_1_218' title='bbox 621 1799 785 1834; x_wconf 87' lang='lat' dir='ltr'>Cantabr.</span> <span class='ocrx_word' id='word_1_219' title='bbox 814 1801 846 1834; x_wconf 85' lang='lat'><strong>1.</strong></span> <span class='ocrx_word' id='word_1_220' title='bbox 870 1800 946 1834; x_wconf 84' lang='lat' dir='ltr'>Par.</span> <span class='ocrx_word' id='word_1_221' title='bbox 970 1799 1006 1833; x_wconf 91' lang='lat' dir='ltr'><strong>B.</strong></span> <span class='ocrx_word' id='word_1_222' title='bbox 1030 1799 1067 1833; x_wconf 91' lang='lat' dir='ltr'><strong>L.</strong></span> <span class='ocrx_word' id='word_1_223' title='bbox 1083 1798 1123 1833; x_wconf 90' lang='lat' dir='ltr'><strong>N.</strong></span> <span class='ocrx_word' id='word_1_224' title='bbox 1153 1803 1189 1833; x_wconf 86' lang='lat' dir='ltr'>et</span> <span class='ocrx_word' id='word_1_225' title='bbox 1218 1809 1238 1832; x_wconf 91' lang='grc' dir='ltr'><em>ο</em></span> <span class='ocrx_word' id='word_1_226' title='bbox 1267 1798 1311 1833; x_wconf 86' lang='lat' dir='ltr'>ad</span> <span class='ocrx_word' id='word_1_227' title='bbox 1338 1799 1487 1845; x_wconf 83' lang='lat' dir='ltr'>primam</span> <span class='ocrx_word' id='word_1_228' title='bbox 1518 1799 1686 1846; x_wconf 81' lang='lat' dir='ltr'>syllabam</span> 
     </span>
     <span class='ocr_line' id='line_1_31' title="bbox 209 1848 1344 1903; baseline 0.001 -16"><span class='ocrx_word' id='word_1_229' title='bbox 209 1854 452 1900; x_wconf 79' lang='lat' dir='ltr'>superscripto</span> <span class='ocrx_word' id='word_1_230' title='bbox 475 1854 519 1888; x_wconf 87' lang='grc' dir='ltr'>Μ.</span> <span class='ocrx_word' id='word_1_231' title='bbox 560 1865 620 1902; x_wconf 71' lang='grc' dir='ltr'>γρ.</span> <span class='ocrx_word' id='word_1_232' title='bbox 642 1849 819 1903; x_wconf 70' lang='grc' dir='ltr'><em>ὀχυροῖσι</em></span> <span class='ocrx_word' id='word_1_233' title='bbox 842 1855 919 1889; x_wconf 86' lang='lat' dir='ltr'>Par.</span> <span class='ocrx_word' id='word_1_234' title='bbox 944 1854 980 1888; x_wconf 92' lang='lat' dir='ltr'><strong>B.</strong></span> <span class='ocrx_word' id='word_1_235' title='bbox 1021 1848 1200 1903; x_wconf 76' lang='grc' dir='ltr'><em>ὀχυροῖσι</em></span> <span class='ocrx_word' id='word_1_236' title='bbox 1223 1854 1344 1889; x_wconf 84' lang='lat' dir='ltr'>ceteri.</span> 
     </span>
    </p>

    <p class='ocr_par' dir='ltr' id='par_1_17' title="bbox 322 1905 1264 1958">
     <span class='ocr_line' id='line_1_32' title="bbox 322 1905 1264 1958; baseline -0.003 -12"><span class='ocrx_word' id='word_1_237' title='bbox 322 1911 385 1946; x_wconf 87' lang='grc'>80.</span> <span class='ocrx_word' id='word_1_238' title='bbox 418 1905 630 1957; x_wconf 71' lang='grc' dir='ltr'><em>στυφέλοις</em></span> <span class='ocrx_word' id='word_1_239' title='bbox 649 1910 739 1944; x_wconf 81' lang='lat' dir='ltr'>libri.</span> <span class='ocrx_word' id='word_1_240' title='bbox 780 1908 993 1958; x_wconf 60' lang='grc' dir='ltr'><em>στυφελοῖς</em></span> <span class='ocrx_word' id='word_1_241' title='bbox 1013 1909 1264 1943; x_wconf 81' lang='lat' dir='ltr'>Blomfieldius.</span> 
     </span>
    </p>

    <p class='ocr_par' dir='ltr' id='par_1_18' title="bbox 208 1959 1687 2067">
     <span class='ocr_line' id='line_1_33' title="bbox 322 1959 1687 2013; baseline 0.001 -15"><span class='ocrx_word' id='word_1_242' title='bbox 322 1959 491 2012; x_wconf 71' lang='grc' dir='ltr'><em>ἀφέταις</em></span> <span class='ocrx_word' id='word_1_243' title='bbox 512 1964 611 1998; x_wconf 86' lang='lat' dir='ltr'>Colb.</span> <span class='ocrx_word' id='word_1_244' title='bbox 640 1966 672 2000; x_wconf 92' lang='lat'><strong>1.</strong></span> <span class='ocrx_word' id='word_1_245' title='bbox 705 1964 793 1999; x_wconf 88' lang='lat' dir='ltr'>Rob.</span> <span class='ocrx_word' id='word_1_246' title='bbox 844 1964 1041 2011; x_wconf 78' lang='lat' dir='ltr'>Hesychius</span> <span class='ocrx_word' id='word_1_247' title='bbox 1072 1960 1234 2013; x_wconf 62' lang='grc' dir='ltr'><em>ἐφέτας,</em></span> <span class='ocrx_word' id='word_1_248' title='bbox 1263 1960 1356 2006; x_wconf 78' lang='grc' dir='ltr'><em>τοὺς</em></span> <span class='ocrx_word' id='word_1_249' title='bbox 1384 1959 1581 2012; x_wconf 72' lang='grc' dir='ltr'><em>ἡγεμόνας</em></span> <span class='ocrx_word' id='word_1_250' title='bbox 1607 1966 1687 2000; x_wconf 79' lang='grc' dir='ltr'><em>τῶν</em></span> 
     </span>
     <span class='ocr_line' id='line_1_34' title="bbox 208 2015 749 2067; baseline 0 -15"><span class='ocrx_word' id='word_1_251' title='bbox 208 2015 394 2067; x_wconf 85' lang='grc' dir='ltr'><em>Περσῶν,</em></span> <span class='ocrx_word' id='word_1_252' title='bbox 413 2020 749 2067; x_wconf 75' lang='grc' dir='ltr'><em>καταχρηστικῶς.</em></span> 
     </span>
    </p>

    <p class='ocr_par' dir='ltr' id='par_1_19' title="bbox 209 2068 1685 2399">
     <span class='ocr_line' id='line_1_35' title="bbox 315 2068 1684 2123; baseline 0.001 -16"><span class='ocrx_word' id='word_1_253' title='bbox 315 2068 571 2122; x_wconf 73' lang='grc' dir='ltr'><em>χρυσονόμου</em></span> <span class='ocrx_word' id='word_1_254' title='bbox 593 2074 637 2108; x_wconf 91' lang='grc' dir='ltr'>Μ.</span> <span class='ocrx_word' id='word_1_255' title='bbox 662 2074 700 2109; x_wconf 93' lang='lat' dir='ltr'><strong>G.</strong></span> <span class='ocrx_word' id='word_1_256' title='bbox 725 2074 789 2108; x_wconf 90' lang='lat' dir='ltr'>Vit.</span> <span class='ocrx_word' id='word_1_257' title='bbox 808 2074 902 2120; x_wconf 82' lang='lat' dir='ltr'>Lips.</span> <span class='ocrx_word' id='word_1_258' title='bbox 925 2073 1011 2107; x_wconf 89' lang='lat' dir='ltr'>Ven.</span> <span class='ocrx_word' id='word_1_259' title='bbox 1027 2075 1066 2107; x_wconf 76' lang='lat' dir='ltr'><strong>A.</strong></span> <span class='ocrx_word' id='word_1_260' title='bbox 1085 2073 1121 2107; x_wconf 91' lang='grc' dir='ltr'>Β.</span> <span class='ocrx_word' id='word_1_261' title='bbox 1145 2073 1272 2119; x_wconf 81' lang='lat' dir='ltr'>aliique</span> <span class='ocrx_word' id='word_1_262' title='bbox 1295 2078 1330 2108; x_wconf 89' lang='lat' dir='ltr'>et</span> <span class='ocrx_word' id='word_1_263' title='bbox 1351 2073 1426 2108; x_wconf 86' lang='lat' dir='ltr'>Ald.</span> <span class='ocrx_word' id='word_1_264' title='bbox 1445 2074 1565 2108; x_wconf 86' lang='lat' dir='ltr'>Turn.-</span> <span class='ocrx_word' id='word_1_265' title='bbox 1581 2085 1684 2123; x_wconf 77' lang='grc' dir='ltr'><em>χρυ-</em></span> 
     </span>
     <span class='ocr_line' id='line_1_36' title="bbox 209 2123 1683 2178; baseline 0.001 -15"><span class='ocrx_word' id='word_1_266' title='bbox 209 2123 389 2175; x_wconf 63' lang='grc' dir='ltr'><em>σογόνου.</em></span> <span class='ocrx_word' id='word_1_267' title='bbox 432 2139 492 2178; x_wconf 69' lang='grc' dir='ltr'>γρ.</span> <span class='ocrx_word' id='word_1_268' title='bbox 529 2125 593 2162; x_wconf 82' lang='grc' dir='ltr'>καὶ</span> <span class='ocrx_word' id='word_1_269' title='bbox 624 2124 880 2178; x_wconf 74' lang='grc' dir='ltr'><em>χρυσονόμου</em></span> <span class='ocrx_word' id='word_1_270' title='bbox 911 2129 988 2163; x_wconf 88' lang='lat' dir='ltr'>Par.</span> <span class='ocrx_word' id='word_1_271' title='bbox 1008 2129 1045 2162; x_wconf 91' lang='grc' dir='ltr'>Β.</span> <span class='ocrx_word' id='word_1_272' title='bbox 1089 2123 1339 2175; x_wconf 70' lang='grc' dir='ltr'><em>χρυσογόνου</em></span> <span class='ocrx_word' id='word_1_273' title='bbox 1362 2128 1449 2163; x_wconf 84' lang='lat' dir='ltr'>Rob.</span> <span class='ocrx_word' id='word_1_274' title='bbox 1492 2129 1683 2176; x_wconf 82' lang='lat' dir='ltr'>Vtramque</span> 
     </span>
     <span class='ocr_line' id='line_1_37' title="bbox 209 2179 1685 2232; baseline 0.001 -15"><span class='ocrx_word' id='word_1_275' title='bbox 209 2184 420 2229; x_wconf 82' lang='lat' dir='ltr'>scripturam</span> <span class='ocrx_word' id='word_1_276' title='bbox 442 2190 722 2219; x_wconf 82' lang='lat' dir='ltr'>commemorant</span> <span class='ocrx_word' id='word_1_277' title='bbox 743 2184 888 2219; x_wconf 83' lang='lat' dir='ltr'>scholia.</span> <span class='ocrx_word' id='word_1_278' title='bbox 932 2184 997 2227; x_wconf 86' lang='lat' dir='ltr'>Qui</span> <span class='ocrx_word' id='word_1_279' title='bbox 1012 2179 1268 2232; x_wconf 83' lang='grc' dir='ltr'><em>χρυσονόμου</em></span> <span class='ocrx_word' id='word_1_280' title='bbox 1289 2189 1487 2230; x_wconf 77' lang='lat' dir='ltr'>praeoptat,</span> <span class='ocrx_word' id='word_1_281' title='bbox 1506 2184 1556 2219; x_wconf 85' lang='lat' dir='ltr'>sic</span> <span class='ocrx_word' id='word_1_282' title='bbox 1574 2185 1685 2231; x_wconf 87' lang='lat' dir='ltr'>expli-</span> 
     </span>
     <span class='ocr_line' id='line_1_38' title="bbox 209 2238 1684 2288; baseline 0.001 -15"><span class='ocrx_word' id='word_1_283' title='bbox 209 2249 291 2273; x_wconf 84' lang='lat' dir='ltr'>care</span> <span class='ocrx_word' id='word_1_284' title='bbox 313 2238 466 2279; x_wconf 81' lang='lat' dir='ltr'>debebit,</span> <span class='ocrx_word' id='word_1_285' title='bbox 491 2244 529 2274; x_wconf 88' lang='lat' dir='ltr'>ut</span> <span class='ocrx_word' id='word_1_286' title='bbox 549 2239 641 2274; x_wconf 89' lang='lat' dir='ltr'>idem</span> <span class='ocrx_word' id='word_1_287' title='bbox 664 2240 709 2274; x_wconf 85' lang='lat' dir='ltr'>sit</span> <span class='ocrx_word' id='word_1_288' title='bbox 730 2239 825 2286; x_wconf 88' lang='lat' dir='ltr'>quod</span> <span class='ocrx_word' id='word_1_289' title='bbox 840 2239 1033 2288; x_wconf 81' lang='grc' dir='ltr'><em>χρυσεᾶς,</em></span> <span class='ocrx_word' id='word_1_290' title='bbox 1056 2239 1221 2284; x_wconf 78' lang='lat' dir='ltr'>neglecto</span> <span class='ocrx_word' id='word_1_291' title='bbox 1244 2239 1441 2285; x_wconf 82' lang='lat' dir='ltr'>significatu</span> <span class='ocrx_word' id='word_1_292' title='bbox 1465 2240 1684 2274; x_wconf 88' lang='lat' dir='ltr'>terminatio—</span> 
     </span>
     <span class='ocr_line' id='line_1_39' title="bbox 209 2290 1683 2342; baseline 0.002 -15"><span class='ocrx_word' id='word_1_293' title='bbox 209 2294 274 2328; x_wconf 72' lang='lat' dir='ltr'>nis.</span> <span class='ocrx_word' id='word_1_294' title='bbox 331 2294 401 2328; x_wconf 89' lang='lat' dir='ltr'>Sed</span> <span class='ocrx_word' id='word_1_295' title='bbox 433 2294 467 2328; x_wconf 88' lang='lat' dir='ltr'>in</span> <span class='ocrx_word' id='word_1_296' title='bbox 497 2295 704 2341; x_wconf 86' lang='lat' dir='ltr'>compositis</span> <span class='ocrx_word' id='word_1_297' title='bbox 735 2306 775 2330; x_wconf 83' lang='lat' dir='ltr'>ex</span> <span class='ocrx_word' id='word_1_298' title='bbox 802 2290 905 2341; x_wconf 79' lang='grc' dir='ltr'><em>νέμω</em></span> <span class='ocrx_word' id='word_1_299' title='bbox 934 2294 1001 2330; x_wconf 88' lang='lat' dir='ltr'>hoc</span> <span class='ocrx_word' id='word_1_300' title='bbox 1033 2294 1106 2329; x_wconf 87' lang='lat' dir='ltr'>fieri</span> <span class='ocrx_word' id='word_1_301' title='bbox 1137 2306 1207 2329; x_wconf 90' lang='lat' dir='ltr'>non</span> <span class='ocrx_word' id='word_1_302' title='bbox 1228 2294 1366 2330; x_wconf 88' lang='lat' dir='ltr'>videtur</span> <span class='ocrx_word' id='word_1_303' title='bbox 1387 2295 1553 2341; x_wconf 87' lang='lat' dir='ltr'>exemplis</span> <span class='ocrx_word' id='word_1_304' title='bbox 1574 2306 1683 2342; x_wconf 83' lang='lat' dir='ltr'>posse</span> 
     </span>
     <span class='ocr_line' id='line_1_40' title="bbox 210 2346 935 2399; baseline 0.003 -17"><span class='ocrx_word' id='word_1_305' title='bbox 210 2349 456 2384; x_wconf 86' lang='lat' dir='ltr'>demonstrari.</span> <span class='ocrx_word' id='word_1_306' title='bbox 499 2349 659 2384; x_wconf 86' lang='lat' dir='ltr'>Praestat</span> <span class='ocrx_word' id='word_1_307' title='bbox 673 2346 935 2399; x_wconf 71' lang='grc' dir='ltr'><em>χρυσογόνου.</em></span> 
     </span>
    </p>

    <p class='ocr_par' dir='ltr' id='par_1_20' title="bbox 323 2405 1291 2453">
     <span class='ocr_line' id='line_1_41' title="bbox 323 2405 1291 2453; baseline -0.004 -13"><span class='ocrx_word' id='word_1_308' title='bbox 323 2405 386 2440; x_wconf 89' lang='grc'>81.</span> <span class='ocrx_word' id='word_1_309' title='bbox 418 2406 575 2451; x_wconf 72' lang='grc' dir='ltr'><em>γεναιᾶς</em></span> <span class='ocrx_word' id='word_1_310' title='bbox 596 2406 635 2440; x_wconf 87' lang='lat' dir='ltr'><strong>G.</strong></span> <span class='ocrx_word' id='word_1_311' title='bbox 676 2406 831 2453; x_wconf 70' lang='grc' dir='ltr'><em>γεννεᾶς</em></span> <span class='ocrx_word' id='word_1_312' title='bbox 851 2405 946 2451; x_wconf 83' lang='lat' dir='ltr'>Lips.</span> <span class='ocrx_word' id='word_1_313' title='bbox 1285 2431 1291 2436; x_wconf 90' lang='lat'><strong>.</strong></span> 
     </span>
    </p>

    <p class='ocr_par' dir='ltr' id='par_1_21' title="bbox 208 2454 1684 2565">
     <span class='ocr_line' id='line_1_42' title="bbox 321 2454 1684 2509; baseline 0.001 -16"><span class='ocrx_word' id='word_1_314' title='bbox 321 2454 483 2494; x_wconf 78' lang='grc' dir='ltr'><em>ἰσόθεον</em></span> <span class='ocrx_word' id='word_1_315' title='bbox 503 2455 590 2509; x_wconf 80' lang='grc' dir='ltr'><em>([ώς</em></span> <span class='ocrx_word' id='word_1_316' title='bbox 611 2460 654 2495; x_wconf 92' lang='grc' dir='ltr'>Μ.</span> <span class='ocrx_word' id='word_1_317' title='bbox 696 2455 859 2496; x_wconf 71' lang='grc' dir='ltr'><em>ἰσόθεον</em></span> <span class='ocrx_word' id='word_1_318' title='bbox 880 2461 978 2509; x_wconf 74' lang='grc' dir='ltr'><em>φῶς,</em></span> <span class='ocrx_word' id='word_1_319' title='bbox 1000 2460 1118 2495; x_wconf 87' lang='lat' dir='ltr'>ultima</span> <span class='ocrx_word' id='word_1_320' title='bbox 1141 2460 1269 2506; x_wconf 82' lang='lat' dir='ltr'>prioris</span> <span class='ocrx_word' id='word_1_321' title='bbox 1290 2460 1449 2495; x_wconf 85' lang='lat' dir='ltr'>vocabuli</span> <span class='ocrx_word' id='word_1_322' title='bbox 1471 2460 1587 2496; x_wconf 87' lang='lat' dir='ltr'>littera</span> <span class='ocrx_word' id='word_1_323' title='bbox 1609 2461 1643 2495; x_wconf 89' lang='lat' dir='ltr'>in</span> <span class='ocrx_word' id='word_1_324' title='bbox 1664 2471 1684 2502; x_wconf 88' lang='grc' dir='ltr'><em>ς</em></span> 
     </span>
     <span class='ocr_line' id='line_1_43' title="bbox 208 2511 968 2565; baseline -0.001 -15"><span class='ocrx_word' id='word_1_325' title='bbox 208 2518 353 2554; x_wconf 78' lang='lat' dir='ltr'>mutata,</span> <span class='ocrx_word' id='word_1_326' title='bbox 378 2514 417 2548; x_wconf 91' lang='lat' dir='ltr'><strong>G.</strong></span> <span class='ocrx_word' id='word_1_327' title='bbox 458 2526 517 2562; x_wconf 72' lang='grc' dir='ltr'>γρ.</span> <span class='ocrx_word' id='word_1_328' title='bbox 541 2511 703 2551; x_wconf 75' lang='grc' dir='ltr'><em>ἶσόθεον</em></span> <span class='ocrx_word' id='word_1_329' title='bbox 724 2517 812 2565; x_wconf 67' lang='grc' dir='ltr'><em>(μῦς</em></span> <span class='ocrx_word' id='word_1_330' title='bbox 832 2516 908 2550; x_wconf 85' lang='lat' dir='ltr'>Par.</span> <span class='ocrx_word' id='word_1_331' title='bbox 932 2515 968 2549; x_wconf 93' lang='lat' dir='ltr'><strong>B.</strong></span> 
     </span>
    </p>

    <p class='ocr_par' dir='ltr' id='par_1_22' title="bbox 208 2565 1680 2724">
     <span class='ocr_line' id='line_1_44' title="bbox 322 2565 1680 2617; baseline 0.001 -14"><span class='ocrx_word' id='word_1_332' title='bbox 322 2569 384 2603; x_wconf 87' lang='grc'>82.</span> <span class='ocrx_word' id='word_1_333' title='bbox 417 2569 649 2605; x_wconf 87' lang='lat' dir='ltr'>Scribendum</span> <span class='ocrx_word' id='word_1_334' title='bbox 678 2571 785 2605; x_wconf 78' lang='lat' dir='ltr'>videri</span> <span class='ocrx_word' id='word_1_335' title='bbox 813 2575 933 2617; x_wconf 79' lang='lat' dir='ltr'>potest</span> <span class='ocrx_word' id='word_1_336' title='bbox 962 2565 1118 2605; x_wconf 78' lang='grc' dir='ltr'><em>κυανόν.</em></span> <span class='ocrx_word' id='word_1_337' title='bbox 1180 2570 1250 2605; x_wconf 88' lang='lat' dir='ltr'>Sed</span> <span class='ocrx_word' id='word_1_338' title='bbox 1286 2570 1422 2605; x_wconf 87' lang='lat' dir='ltr'>videtur</span> <span class='ocrx_word' id='word_1_339' title='bbox 1459 2571 1547 2605; x_wconf 87' lang='lat' dir='ltr'>haec</span> <span class='ocrx_word' id='word_1_340' title='bbox 1569 2570 1680 2604; x_wconf 84' lang='lat' dir='ltr'>forma</span> 
     </span>
     <span class='ocr_line' id='line_1_45' title="bbox 208 2623 1680 2672; baseline 0.002 -16"><span class='ocrx_word' id='word_1_341' title='bbox 208 2623 446 2658; x_wconf 77' lang='lat' dir='ltr'>recentiorum</span> <span class='ocrx_word' id='word_1_342' title='bbox 470 2625 683 2670; x_wconf 82' lang='lat' dir='ltr'>scriptorum</span> <span class='ocrx_word' id='word_1_343' title='bbox 705 2626 847 2672; x_wconf 86' lang='lat' dir='ltr'>propria</span> <span class='ocrx_word' id='word_1_344' title='bbox 870 2636 961 2660; x_wconf 78' lang='lat' dir='ltr'>esse.</span> <span class='ocrx_word' id='word_1_345' title='bbox 1003 2625 1090 2660; x_wconf 79' lang='lat' dir='ltr'>Male</span> <span class='ocrx_word' id='word_1_346' title='bbox 1114 2625 1350 2660; x_wconf 80' lang='lat' dir='ltr'>Bloinfieldius</span> <span class='ocrx_word' id='word_1_347' title='bbox 1373 2625 1561 2668; x_wconf 79' lang='grc' dir='ltr'><em>κυανοῦν,</em></span> <span class='ocrx_word' id='word_1_348' title='bbox 1585 2624 1680 2670; x_wconf 84' lang='lat' dir='ltr'>quod</span> 
     </span>
     <span class='ocr_line' id='line_1_46' title="bbox 208 2675 1679 2724; baseline 0.002 -13"><span class='ocrx_word' id='word_1_349' title='bbox 208 2677 358 2724; x_wconf 71' lang='lat' dir='ltr'>vulgaris</span> <span class='ocrx_word' id='word_1_350' title='bbox 379 2678 517 2724; x_wconf 77' lang='lat' dir='ltr'>linguae</span> <span class='ocrx_word' id='word_1_351' title='bbox 539 2685 604 2714; x_wconf 85' lang='lat' dir='ltr'>est.</span> <span class='ocrx_word' id='word_1_352' title='bbox 646 2681 748 2716; x_wconf 86' lang='lat' dir='ltr'>Peius</span> <span class='ocrx_word' id='word_1_353' title='bbox 771 2681 874 2716; x_wconf 85' lang='lat' dir='ltr'>etiam</span> <span class='ocrx_word' id='word_1_354' title='bbox 896 2680 1119 2716; x_wconf 82' lang='lat' dir='ltr'>Wellauerus</span> <span class='ocrx_word' id='word_1_355' title='bbox 1140 2675 1304 2715; x_wconf 83' lang='grc' dir='ltr'><em>κυάνεον</em></span> <span class='ocrx_word' id='word_1_356' title='bbox 1324 2679 1483 2715; x_wconf 85' lang='lat' dir='ltr'>vocabuli</span> <span class='ocrx_word' id='word_1_357' title='bbox 1504 2690 1575 2714; x_wconf 90' lang='lat' dir='ltr'>non</span> <span class='ocrx_word' id='word_1_358' title='bbox 1597 2679 1679 2714; x_wconf 88' lang='lat' dir='ltr'>ulti-</span> 
     </span>
    </p>
   </div>
  </div>
 </body>
</html>
