1878 3115
611 176 655 209 IN
680 176 897 209 Assscm‘Lt
925 177 1138 209 ORESTEA.
1539 169 1617 207 (3523

252 278 366 325 Pergo
390 279 432 314 ad
450 278 695 326 Chocphoros‚
720 291 867 325 quarum
889 291 1017 315 scenae
1041 280 1163 315 13010111
1187 278 1334 315 eandem
1356 289 1435 313 esse
1458 290 1562 326 quam
1585 280 1618 314 in

141 337 405 380 Agamemnone
427 346 547 369 verum
570 341 641 369 est:
673 335 729 370 illa
752 341 886 376 antem,
911 336 1113 382 sepulcrum
1138 335 1410 382 Agamemnonis
1434 335 1465 369 in
1488 336 1620 370 orche-

141 395 213 424 stra
236 401 336 431 esse,
368 391 402 425 in
425 402 573 436 eamque
603 391 707 425 etiam
731 391 892 425 Orestem
922 402 1002 426 cum
1024 391 1150 438 Pylade
1172 390 1308 437 ingredi
1330 396 1435 437 atque
1458 396 1539 425 ante
1562 396 1620 425 tu-

140 446 272 480 mulum
303 446 412 492 patris
441 446 657 487 consistere,
691 457 780 492 quae
802 447 928 492 partim
951 447 993 481 ad
1016 459 1045 481 V.
1066 448 1129 482 22.
1152 452 1382 493 reponimur,
1421 457 1461 480 ex
1482 446 1617 481 Miilleri

140 501 343 547 opinatione
365 507 513 547 accepta
535 506 628 536 sunt.
659 502 919 536 Commemorat
942 502 1082 548 quidem
1101 502 1267 537 Franzius
1284 502 1317 536 111
1338 501 1508 536 addendis
1530 513 1620 536 con-

140 557 282 591 trariam
305 557 529 598 sententiam,
553 557 615 591 sed
632 557 789 592 defendit
805 557 990 592 Mulierum
1007 557 1145 593 duobus
1163 557 1392 604 argumentis,
1415 568 1498 598 uno,
1524 557 1617 603 quod

139 612 231 647 sicut
252 612 427 647 interdum
450 613 581 647 chorus
603 612 636 646 in
658 613 886 658 proscenium
908 613 1122 654 adscendat,
1154 613 1201 648 ita
1221 618 1328 659 poeta
1350 612 1454 647 etiam
1477 618 1618 647 actores

138 667 295 714 potuerit
316 668 531 714 aliquamdiu
551 668 585 701 in
608 668 791 702 orchestra
815 674 1077 703 commorantes
1100 669 1237 704 facere:
1268 668 1445 703 Electram
1476 668 1618 714 quidem

138 723 249 758 solam
271 734 362 763 esse,
387 733 477 768 qnae
499 722 541 757 de
561 723 751 769 proscenio
774 723 807 756 in
830 724 1051 758 orchestram
1074 724 1287 759 descendat:
1311 723 1407 770 quod
1428 735 1620 770 argumen-

136 783 211 813 tum
232 783 331 824 patet
351 789 415 824 pro
436 778 533 812 nullo
556 789 648 818 esse,
672 778 750 824 qnia
769 778 854 812 nihil
877 779 1035 813 continet
1056 779 1122 813 nisi
1144 780 1303 825 potuisse
1325 779 1401 813 fieri
1422 784 1460 813 ut
1476 784 1617 814 actores

136 834 171 868 in
188 834 408 869 orchestram
424 833 584 868 veniant:
607 844 686 867 nam
710 834 814 868 etiam
837 833 931 879 quod
948 834 989 868 de
1007 834 1148 869 Electra
1170 834 1347 869 adiectum
1365 839 1430 874 cst,
1454 845 1496 869 eo
1512 835 1615 875 redit,

135 894 175 924 ut
195 889 252 924 illa
274 894 465 935 propterea
486 889 520 923 in
542 889 761 924 orchestram
785 889 1012 924 descendisse
1033 895 1190 936 putetur,
1214 890 1295 936 quia
1317 889 1519 935 sepulerum
1543 890 1617 925 sine

137 956 263 980 caussa
285 944 331 979 ibi
353 945 568 980 collocatum
590 949 656 979 est.
704 944 780 979 Non
809 945 889 990 plus
918 945 1087 991 ponderis
1116 945 1225 980 habet
1255 945 1404 980 alterum
1427 956 1619 992 argumen-

138 1006 230 1041 tum,
262 1000 357 1046 quod
379 1001 447 1035 hoc
470 1005 543 1041 est,
575 1000 686 1046 ipsam
710 1000 810 1034 chori
830 1000 1003 1046 paredum
1027 1001 1216 1035 ostendere
1240 1001 1388 1035 chorum
1411 1001 1615 1035 comitatum

137 1067 216 1091 esse
238 1056 427 1095 Electram,
452 1067 558 1101 quum
582 1056 614 1089 in
638 1056 859 1090 orchestram
882 1056 1129 1091 descenderet.
1161 1056 1314 1090 Primum
1337 1056 1428 1090 enim
1450 1057 1506 1091 hic
1526 1068 1618 1102 (1110-

137 1123 204 1158 que
226 1122 290 1157 pro
314 1117 412 1146 certo
436 1117 614 1157 sumptum
639 1116 692 1145 est
714 1111 747 1145 id
770 1111 865 1157 quod
895 1117 975 1146 ante
1007 1112 1121 1146 omnia
1153 1112 1466 1146 demonstra11(him
1490 1112 1614 1152 suerat,

135 1167 169 1201 in
192 1167 376 1201 orchestra
400 1167 507 1201 fuisse
529 1167 745 1213 sepulerum.
802 1167 996 1213 Droysenio
1018 1167 1151 1214 placuit
1172 1167 1371 1214 thymelen,
1410 1178 1500 1213 quae
1522 1168 1614 1202 nulla

136 1228 230 1261 erat,
254 1234 318 1268 pro
342 1223 508 1268 sepulcro
531 1233 629 1263 esse,
653 1223 686 1256 in
710 1234 822 1268 eaque
846 1234 967 1257 urnam
991 1224 1090 1269 quasi
1112 1234 1191 1258 eum
1215 1222 1393 1258 cineribus
1416 1234 1495 1257 csse
1518 1223 1618 1269 posi—

137 1283 219 1312 tam.
261 1278 392 1313 Deinde
414 1289 496 1313 vero
520 1278 603 1324 quid
633 1278 764 1312 dictum
788 1283 842 1313 est
863 1279 897 1313 111
918 1279 1074 1325 paredo,
1114 1279 1209 1325 qnod
1230 1279 1407 1313 Electram
1429 1278 1462 1312 111
1486 1279 1617 1313 orche—

136 1339 244 1368 stram
268 1333 496 1369 descendisse
518 1332 673 1380 prodat‘?
711 1333 844 1380 Nempe
868 1334 910 1369 de
933 1345 970 1369 se
994 1334 1078 1369 dicit
1104 1335 1235 1369 chorus
1258 1329 1395 1376 ἰαλτὸς
1416 1331 1458 1368 ἐκ
1480 1329 1617 1380 δόμων

135 1384 242 1436 ἔβην.
283 1390 327 1423 Α1
349 1400 389 1423 ex
410 1389 464 1424 his
484 1389 599 1423 verbis
622 1389 701 1435 plus
722 1389 818 1424 licito
842 1390 1050 1424 conclusum
1073 1395 1139 1424 est.
1189 1390 1351 1424 Mulieres
1375 1389 1540 1424 choricae
1562 1389 1616 1424 sa-

134 1445 307 1479 mulitinm
330 1450 412 1479 sunt
429 1445 729 1491 Clytaemnestrae
753 1445 854 1487 (haec
879 1445 970 1480 enim
992 1445 1133 1480 inferias
1154 1445 1289 1491 mittit),
1312 1450 1555 1491 vocanturque
1572 1444 1614 1479 ab

133 1500 274 1535 Electra
295 1512 325 1535 v.
347 1501 410 1537 82.
436 1499 538 1546 [74]
564 1497 695 1546 δμωαὶ
717 1502 898 1548 γτναῖκες
919 1496 1122 1547 duracium!
1143 1495 1378 1548 εὖθ’ήμονες.
1435 1501 1558 1546 Itaque
1582 1501 1615 1535 in

134 1555 280 1591 aedibus
309 1556 416 1602 regiis
445 1555 625 1597 habitant,
657 1561 695 1590 ut
716 1567 787 1590 11011
808 1556 1014 1591 incredibile
1047 1557 1091 1591 sit
1113 1568 1153 1591 ex
1174 1557 1227 1591 his
1250 1567 1309 1591 eas
1341 1556 1558 1603 prodeuntes
1580 1557 1614 1590 in

135 1612 355 1646 orchestram
388 1611 629 1646 descendisse.
678 1611 807 1646 Verum
839 1623 946 1658 quum
976 1623 1014 1647 se
1040 1612 1167 1646 missas
1190 1623 1231 1647 ex
1252 1611 1397 1647 aedibus
1429 1612 1551 1646 dicunt
1571 1612 1614 1647 ad

135 1667 353 1701 comitandas
382 1667 544 1707 inferias,
579 1678 620 1701 eo
643 1678 714 1701 non
746 1667 945 1713 significant
967 1667 1142 1702 Electram
1165 1668 1268 1702 simul
1291 1679 1370 1702 eum
1391 1667 1432 1701 iis
1456 1679 1495 1701 ex
1516 1668 1613 1713 regia

135 1733 214 1757 esse
237 1734 439 1768 egressam:
463 1723 569 1757 immo
591 1734 715 1768 parum
737 1723 809 1757 veri
832 1723 943 1758 simile
966 1729 1021 1758 est
1041 1728 1080 1758 ut
1101 1723 1218 1758 adstet
1239 1723 1380 1758 Electra
1402 1723 1482 1757 dum
1504 1734 1614 1769 paro-

135 1778 214 1812 dum
239 1783 388 1818 canunt,
413 1778 475 1812 sed
496 1778 615 1824 potins
637 1778 854 1824 praemissae
877 1778 1056 1819 videntur,
1080 1784 1138 1819 ut,
1163 1779 1191 1813 si
1214 1790 1253 1813 ex
1275 1778 1419 1813 aedibus
1444 1784 1612 1814 exeuntes

134 1833 414 1880 conspiciuntur,
438 1833 615 1880 putandae
638 1833 707 1868 sint
729 1845 769 1867 cx
786 1844 825 1868 ea
842 1839 942 1880 parte
965 1834 1116 1875 aedium,
1140 1834 1174 1868 in
1191 1845 1258 1880 qua
1281 1834 1488 1868 famulitium
1510 1834 1613 1869 hahi-

133 1894 195 1929 tat,
218 1889 381 1935 prodire:
406 1889 501 1934 quod
522 1889 636 1935 ipsum
660 1900 766 1935 quum
789 1894 921 1924 statuat
941 1890 1109 1924 Franzius
1132 1890 1173 1924 ad
1194 1902 1224 1924 v.
1249 1892 1308 1925 10.
1333 1900 1373 1924 eo
1396 1889 1524 1935 frangit
1544 1890 1611 1924 vim

133 1945 330 1990 argumenti
352 1944 417 1978 5111.
460 1944 544 1979 Nam
568 1945 595 1979 si
618 1945 874 1980 comitarentur
894 1945 1090 1986 Electram,
1123 1946 1225 1980 simul
1248 1956 1327 1980 cum
1350 1956 1390 1979 03
1412 1956 1452 1979 ex
1476 1945 1611 1980 foribus

132 2000 249 2046 regiae
270 2000 467 2046 prodirent.
508 2002 624 2046 Atque
646 2000 722 2046 ipsa
743 2000 847 2035 etiam
869 2000 1021 2042 Electra,
1046 2013 1153 2047 quum
1175 2013 1205 2036 1.
1224 2003 1288 2039 83.
1313 2000 1415 2048 [75.]
1440 2001 1524 2036 dicit

334 2051 412 2090 ἐπεὶ
436 2049 607 2104 πάρεστε
628 2052 744 2104 τῆςόε
766 2057 1019 2106 προςῑροπῆς
1039 2053 1126 2103 ἐμοὶ

331 2108 499 2157 πομποί,

131 2177 223 2201 1111110
248 2166 388 2201 demum
411 2178 448 2201 se
470 2166 587 2201 venire
610 2166 760 2207 indicat,
799 2178 906 2213 quum
936 2168 1013 2202 illas
1043 2167 1110 2201 iam
1140 2173 1349 2213 praesentes
1372 2167 1465 2202 videt
1486 2167 1553 2202 isto
1576 2167 1610 2202 in

131 2221 223 2261 loco,
247 2221 281 2255 in
303 2233 372 2267 qno
396 2232 537 2256 carmen
560 2222 775 2256 cecinerant.
817 2222 927 2268 Igitur
949 2234 1016 2268 qua
1038 2223 1179 2257 tandem
1203 2234 1327 2257 caussa
1350 2223 1553 2269 sepulcrum
1576 2223 1609 2257 111

132 2277 316 2311 orchestra
340 2277 553 2311 collocatum
576 2275 655 2311 est‘?
692 2277 899 2317 Crederem,
924 2278 952 2311 si
974 2278 1105 2312 chorus
1127 2278 1268 2312 inferias
1291 2277 1399 2313 ferret
1419 2279 1610 2324 Agamem-

130 2332 226 2366 noni.
266 2334 311 2367 At
332 2332 366 2367 id
387 2343 457 2367 non
479 2332 580 2372 facit,
605 2332 667 2367 sed
687 2333 806 2378 potius
829 2333 1005 2367 Electram
1028 2333 1214 2373 admonet,
1245 2338 1283 2368 111
1304 2333 1337 2367 id
1359 2338 1456 2368 reete
1478 2334 1608 2380 pieque

131 2387 256 2428 saciat,
281 2393 316 2422 et
335 2399 406 2422 11011
429 2399 467 2422 03
490 2393 630 2429 11101110,
655 2399 722 2433 qna
746 2388 1024 2434 Clytaemnestra
1046 2389 1217 2423 voluerat.
1260 2390 1381 2435 ltaque
1405 2388 1608 2435 obsequens

131 2443 161 2477 ei
176 2443 317 2478 Electra
335 2443 450 2477 verbis
473 2443 613 2477 minime
633 2443 745 2477 dubiis
764 2454 842 2478 sese
860 2444 943 2479 dicit
959 2444 1101 2479 inferias
1120 2445 1301 2479 effundere
1319 2456 1348 2480 v.
1365 2445 1454 2480 127.
1475 2444 1605 2491 [121]

333 2492 441 2546 κάγώ
456 2494 609 2544 storea
630 2492 747 2541 ῑιίςδε
762 2495 955 2548 χέρνιρἀς
970 2498 1137 2548 ([θιτοΐς

329 2549 441 2601 λέγω.

132 2607 228 2650 Quae
251 2603 362 2654 quum
379 2609 425 2644 ita
448 2609 536 2649 sint,
559 2620 630 2644 non
652 2614 707 2644 est
728 2609 978 2651 dubitandum,
1003 2610 1084 2656 quin
1107 2610 1311 2656 sepulcrum
1332 2611 1607 2657 Agamemnonis

131 2663 164 2698 in
185 2664 343 2710 margine
365 2664 542 2711 proscenii
565 2665 627 2706 sit,
664 2676 779 2712 neque
802 2670 861 2700 aut
882 2665 1022 2701 Electra
1045 2671 1167 2701 0011113
1189 2677 1324 2702 morem
1346 2666 1550 2713 tragoediae
1572 2667 1606 2701 in
