1878 3115
258 159 338 199 656
824 162 880 195 DE
906 163 963 196 RE
991 162 1175 196 SCENlCA

256 262 362 317 η’ξω,
391 266 494 324 quod
515 277 586 301 non
609 264 761 301 debebat
782 276 823 300 ex
844 265 885 300 H.
908 266 946 301 L
968 266 1131 301 Abrensii
1159 276 1284 312 paium
1307 265 1532 301 considerato
1553 265 1681 300 iudicio
1704 265 1737 300 iu

255 322 328 369 ἵζω
349 314 489 358 mutaii.

370 381 399 414 A
420 390 449 413 v.
471 378 562 414 536.
582 376 712 424 [555]
736 387 794 411 res
817 377 932 423 agitur
953 377 987 411 in
1009 378 1215 423 Areopago,
1245 387 1438 422 verumque
1460 376 1614 416 videtur,
1639 375 1735 422 quod

259 436 466 471 adnotatum
497 438 571 473 est,
608 444 648 468 ex
677 432 764 467 urbe
796 432 984 467 adventare
1013 432 1148 467 iudices
1181 432 1410 478 (Droysenius
1434 443 1495 466 eos
1517 443 1536 466 a
1557 441 1735 477 praecone

259 492 340 526 duci
371 490 482 536 facit).
532 489 618 523 Nam
649 488 677 522 si
706 488 797 522 sorte
831 488 908 534 quis
938 488 1061 522 credat
1091 498 1219 522 scenae
1248 487 1481 522 mutationem
1509 487 1636 521 factam
1659 497 1739 521 esse

260 546 407 581 sublatis
429 544 574 585 aulaeis,
598 544 711 590 iisque
734 543 895 578 demissis
913 543 979 577 iam
997 548 1235 589 congregatos
1258 553 1430 589 apparere
1445 542 1592 583 iudices,
1616 548 1755 576 vereor‘

259 614 303 637 ue
325 602 359 637 id
380 612 504 648 parum
526 599 712 646 probabile
735 599 790 633 sit.
840 599 1128 633 Commemorant
1150 598 1332 644 quidem³3
1315 597 1531 632 rriammatiei
1555 591 1737 640 a1)»{k1'‚a1¹

261 670 351 704 quae
374 657 419 691 sit
447 651 749 705 παραπέτασμα
770 666 840 702 της
860 665 1027 701 σκηιης,
1057 665 1208 700 quoium
1240 653 1440 689 testimonia
1471 652 1615 699 collegit
1636 653 1675 687 G.
1699 652 1737 687 C.

260 714 350 748 (iuil.
370 711 610 747 Schneideius
633 711 667 747 in
688 710 777 755 libio
801 721 906 756 quem
929 710 971 744 de
993 709 1099 744 rebus
1121 709 1227 744 Attici
1250 708 1377 744 theatri
1393 702 1535 755 sempsit
1549 720 1582 754 p
1597 709 1641 744 81
1659 718 1738 754 sqq.

260 769 323 805 ¹<ed
345 767 562 815 Hyperides,
600 766 722 812 quiex
744 766 897 811 antiquis
927 770 1053 800 auctoi
1083 770 1321 805 memor¹atui,
1357 770 1395 798 ut
1417 764 1520 798 veiba
1550 764 1624 798 eius
1648 762 1741 810 apud

259 825 441 860 Pollucem
462 823 518 857 lV.
543 823 630 858 122.
654 821 867 861 ostendunt,
898 832 970 855 non
992 826 1046 854 est
1068 821 1109 855 de
1134 821 1272 855 theatro
1294 820 1456 860 locutus,
1492 819 1601 854 ceteri
1623 823 1741 853 autem

260 881 500 915 Romanoium
523 878 658 913 theat1a
681 877 844 911 videntur
865 876 898 910 in
920 881 1038 910 mente
1067 875 1254 915 habuisse,
1287 879 1325 909 ut
1346 886 1385 909 ex
1407 875 1473 909 ista
1496 880 1566 909 tam
1589 873 1686 917 tenui
1707 878 1743 909 et

262 935 366 971 dubia
396 933 567 969 memoria
596 932 715 979 potius
746 932 914 977 collignie
944 930 1136 965 debeamus
1172 930 1306 965 nullum
1341 930 1484 964 omuino
1516 930 1551 964 in
1582 916 1741 964 referum

262 992 478 1027 (ἐι-(1000111111
501 999 607 1023 scena
628 998 731 1022 usum
747 986 958 1022 aulaemuni
980 986 1101 1027 fuisse,
1125 986 1187 1021 sed
1204 986 1296 1020 sicut
1311 978 1540 1032 ἕκκυκληιια
1556 990 1637 1019 ante
1654 995 1744 1019 ocu-

261 1047 315 1082 los
337 1050 581 1092 spectatoium
603 1042 729 1083 fiebat,
766 1042 816 1077 sic
839 1042 944 1077 etiam
967 1042 1090 1076 tractis
1112 1042 1264 1076 versisve
1288 1040 1451 1075 tabulatis
1475 1051 1603 1075 scenae
1624 1045 1743 1075 muta-

262 1103 395 1137 tionem
425 1111 505 1135 esse
538 1099 572 1134 in
603 1104 802 1144 conspectu
832 1097 960 1132 theatri
993 1098 1134 1132 saetam.
1187 1096 1371 1131 Mullerum
1394 1096 1536 1142 quidem
1558 1101 1656 1142 patet
1675 1106 1741 1142 pro

263 1169 327 1192 suo
350 1156 494 1192 arbitrio
516 1167 552 1201 p.
576 1155 664 1190 105.
687 1154 827 1188 finxisse
850 1153 1030 1188 aulaeum:
1056 1152 1150 1199 quod
1173 1152 1324 1187 fideliter
1345 1152 1494 1186 servavit
1515 1151 1742 1198 Droysenius.

263 1214 326 1248 llic
349 1212 490 1259 quidem
512 1210 569 1245 illc
591 1210 725 1244 iudices¹
748 1210 781 1243 in
804 1209 924 1255 templi
955 1208 1142 1255 gradibus,
1174 1208 1294 1243 Furias
1316 1208 1350 1242 in
1372 1207 1538 1253 gradibus
1570 1206 1744 1253 thymelae
1760 1201 1773 1212 ⁶

264 1268 451 1304 considere
473 1266 555 1301 sacit
569 1293 577 1307 ,
610 1266 799 1300 Minervam
822 1270 939 1299 autem
961 1275 1060 1305 mox,
1092 1275 1198 1310 quum
1220 1263 1325 1298 verba
1347 1262 1465 1298 facere
1486 1263 1585 1297 iubet
1607 1262 1742 1303 Furias,
1769 1276 1775 1286 =

263 1326 400 1359 hastam
430 1322 618 1363 inclinare,
649 1326 688 1355 ut
716 1321 821 1355 hodie
851 1320 979 1355 milites
1010 1320 1182 1362 salutant;
1224 1324 1308 1366 post
1335 1330 1365 1353 ν.
1386 1319 1478 1355 680.
1497 1317 1627 1365 [702]
1652 1317 1744 1352 idem

263 1381 402 1415 iudices
424 1379 542 1413 facere
565 1377 666 1418 dicit,
701 1388 791 1423 quae
813 1388 830 1411 a
854 1375 1000 1410 Mullero
1024 1375 1163 1410 inventa
1185 1375 1298 1422 qualia
1321 1374 1389 1409 sint
1420 1373 1500 1409 alibi
1522 1374 1654 1409 dictum
1677 1377 1743 1408 est.

376 1435 423 1469 Ex
447 1434 651 1469 coniectura
673 1444 745 1467 non
771 1432 855 1466 satis
885 1431 1060 1478 probabili
1090 1431 1256 1466 dicuntur
1285 1435 1366 1477 post
1386 1442 1417 1465 v,
1435 1431 1528 1466 956.
1548 1427 1678 1476 [984]
1701 1427 1746 1463 ad

264 1496 387 1526 nutum
410 1490 584 1524 Minervae
606 1488 773 1523 mulieres
797 1487 1004 1522 sacerdotes
1027 1498 1107 1522 cum
1137 1486 1272 1522 facibus
1301 1486 1457 1532 prodire.
1506 1485 1592 1520 Nam
1614 1495 1680 1519 nee
1703 1483 1745 1518 de

264 1553 351 1582 1111111
371 1546 542 1580 Minervae
565 1544 755 1590 quidquam
778 1543 895 1578 indicii
912 1548 1071 1589 apparet,
1094 1554 1159 1577 nec
1181 1542 1359 1589 prodeunt
1376 1541 1542 1576 mulieres
1564 1541 1663 1580 istae,
1683 1539 1746 1574 sed

266 1603 445 1648 aliquanto
478 1606 561 1647 post
591 1599 731 1634 demum
755 1599 905 1633 Minerva
929 1598 1013 1633 dicit
1034 1609 1072 1633 se
1095 1609 1154 1633 eas
1177 1597 1386 1632 comitandis
1409 1596 1521 1631 Furiis
1543 1596 1742 1636 missuram,

267 1671 297 1693 ν.
316 1659 408 1694 (176.
430 1654 589 1704 [1004]

469 1707 619 1778 nsandjai
642 1721 681 1746 τε
704 1704 827 1759 ([ἕ99η
851 1702 1077 1756 ὶαιιπάὸων
1095 1707 1162 1744 σε).
1168 1701 1357 1758 agsfoocou

469 1765 524 1809 εἷς
545 1761 638 1808 τοὺς
659 1760 798 1814 {Stenae
821 1762 885 1800 καὶ
908 1759 1016 1800 κάτω
1032 1760 1163 1812 χθοι
1147 1776 1190 1806 ος
1208 1758 1359 1806 τόπους

470 1819 540 1866 ξὺι
560 1798 738 1870 noogmff
743 1832 856 1866 οισιι,
880 1818 963 1856 αἵτε
986 1821 1237 1870 ([ητηοοῦυιν
1254 1816 1405 1869 βρέτας

467 1872 620 1924 τούμὸν
640 1873 814 1918 δικαίως.

269 1936 398 1975 11111110,
421 1939 461 1969 ut
481 1934 636 1974 hostias,
664 1944 811 1979 quarum
834 1932 938 1967 simul
958 1931 1090 1966 mentio
1113 1930 1151 1966 sit
1172 1930 1293 1975 (verba
1315 1929 1403 1964 infra
1425 1929 1606 1975 afferam),
1642 1939 1746 1963 nemo

269 1991 371 2026 facile
394 1989 537 2030 credet,
570 1989 728 2035 quamvis
758 1988 910 2022 affirmet
931 1987 1099 2021 Mullerus
1121 1987 1155 2021 in
1177 1976 1374 2032 appendice
1395 1997 1430 2031 p.
1450 1986 1514 2021 27.
1536 1985 1571 2019 in
1593 1995 1750 2030 conspe-

271 2051 366 2081 ctum
387 2045 581 2092 productas
604 2054 703 2084 esse,
734 2043 781 2077 ita
811 2042 989 2088 putandae
1020 2046 1124 2076 erunt
1153 2041 1319 2075 mulieres
1350 2041 1437 2075 istae
1459 2041 1494 2075 in
1516 2040 1612 2075 aditu
1635 2050 1750 2086 oppe-

270 2102 402 2136 rientes
425 2106 539 2140 stare,
562 2104 602 2134 ut
623 2098 754 2145 aliquid
776 2109 897 2133 earum
920 2097 1079 2143 conspici
1101 2097 1233 2143 possit,
1266 2096 1346 2143 quia
1367 2095 1576 2143 pronomine
1599 2095 1748 2130 demon—

271 2157 416 2193 strativo
439 2156 651 2191 indicantur.

383 2212 568 2247 Postremo
598 2210 641 2245 ad
670 2221 701 2244 v.
719 2210 812 2246 987.
833 2207 992 2255 [1014]
1025 2207 1232 2243 adnotatum
1261 2212 1316 2242 est
1344 2206 1533 2241 Minervam
1564 2216 1644 2241 cum
1672 2205 1749 2239 istis

270 2267 477 2303 mulieribus
499 2267 533 2301 in
555 2267 777 2301 orchestram
800 2264 1038 2305 deseendere;
1080 2268 1151 2298 tum
1174 2263 1274 2309 sequi
1295 2263 1547 2309 AreopagitaS,
1580 2261 1638 2307 qui
1661 2261 1751 2296 cbo-

272 2336 348 2359 rum
365 2323 547 2359 Furiarum
569 2322 795 2361 comitentur,
818 2319 1029 2366 turbamque
1046 2319 1198 2353 virorum
1216 2324 1251 2353 et
1265 2318 1452 2353 mulierum
1468 2316 1748 2352 Atheniensium.

273 2380 329 2415 Sic
353 2379 458 2414 etiam
480 2377 708 2424 Droysenius.
750 2376 844 2410 Haec
875 2386 1017 2421 quoque
1047 2379 1186 2421 sumpta
1215 2379 1298 2408 sunt
1326 2385 1367 2408 ex
1394 2374 1456 2414 iis,
1495 2383 1594 2418 quae·
1614 2371 1751 2406 Mulleri

272 2435 403 2470 fervida
434 2434 636 2479 imaginatio
667 2431 813 2467 ebulliit.
863 2431 940 2466 Non
962 2431 1090 2465 decere
1112 2430 1299 2464 Minervam
1327 2434 1367 2463 ut
1386 2429 1421 2463 in
1444 2428 1665 2463 orchestram
1686 2427 1750 2461 de-

273 2490 421 2526 scendat
442 2490 589 2535 ipsaque
611 2499 648 2523 se
671 2487 798 2522 ducem
818 2486 989 2533 praebeat
1005 2486 1129 2526 Furiis,
1151 2486 1219 2520 iam
1240 2485 1274 2520 in
1296 2495 1446 2519 censura
1468 2482 1603 2518 Mulleri
1620 2482 1751 2517 Eume-

274 2546 393 2581 nidum
410 2557 444 2591 p.
464 2545 551 2580 121.
571 2544 655 2585 dixi;
678 2543 785 2577 immo
808 2553 896 2582 eam,
920 2546 1111 2588 postquam
1132 2541 1293 2576 valedixit
1309 2540 1433 2580 Furiis,
1456 2538 1552 2573 abire
1570 2537 1612 2572 de
1630 2547 1748 2578 scena,

273 2607 313 2635 ut
333 2612 392 2635 eas
415 2600 640 2635 advenientes
662 2598 813 2644 excipiat
833 2598 1114 2643 destinatamque
1130 2596 1171 2631 iis
1190 2596 1311 2631 sedem
1326 2595 1494 2642 assignet,
1517 2593 1622 2640 idque
1639 2593 1751 2640 ipsam

275 2656 394 2691 dicere
414 2655 528 2690 verbis
550 2655 692 2690 minime
713 2653 885 2701 ambiguis
907 2665 937 2689 v.
956 2654 1048 2690 956.
1067 2651 1198 2699 [985]

1866 158 1872 166 ›
1865 56 1874 122 ομ·-
