1878 3115
227 213 305 253 108
785 216 1127 250 ADNOTATIONES

224 333 347 365 mone,
377 323 406 358 si
438 323 626 357 iteraretur
653 321 753 355 παῦε
782 321 902 365 παῦε,
924 321 978 355 vel
998 321 1087 355 παῖε
1109 320 1218 364 παῖε,
1240 330 1311 354 11011
1332 319 1457 354 mirum
1479 331 1577 361 esse,
1609 320 1638 355 si
1659 319 1693 355 id

221 378 497 426 pronuntiabant
517 377 599 411 παῦ
618 376 739 419 παῦε,
766 377 845 410 παῖ
857 377 961 411 παῖε.
1008 378 1052 411 At
1073 376 1147 411 aliis
1169 376 1204 410 in
1225 375 1458 422 imperativis,
1480 376 1600 422 iisque
1621 387 1693 411 non

217 435 370 475 iteratis,
403 439 438 468 et
465 433 500 467 in
526 432 686 467 oratione
718 431 896 466 familiaris
926 432 1100 466 sermonis
1120 431 1297 466 levitatem
1318 430 1447 465 vitante
1470 431 1547 477 quis
1572 431 1694 466 eredat

218 490 298 525 talia
326 499 493 534 umquam
523 498 602 522 esse
630 486 824 533 usurpata?
865 487 1104 522 Blomtieldius
1126 486 1255 521 Monkii
1284 486 1422 521 monitu
1449 486 1558 521 edidit
1579 480 1692 521 ἄλευε

217 542 280 588 δᾶ,
302 550 341 579 ut
362 545 448 578 haee
470 542 586 583 verba,
610 536 724 577 ἄλευε
747 539 810 587 δᾶ,
833 541 1054 591 φοβοῦμαι,
1076 554 1185 591 unum
1207 553 1346 576 versum
1370 541 1564 582 efficerent,
1588 553 1693 588 quem

216 600 458 649 praecederet-
468 599 617 633 dimeter
636 597 820 633 iambicus.
862 598 933 632 Sed
953 599 999 633 ita
1023 598 1209 644 descriptis
1230 597 1390 632 versibus
1413 602 1511 632 certo
1532 598 1693 643 Aeschy-

214 656 268 690 lus
298 648 404 690 ἄλευ’
429 650 460 689 ὠ
490 650 542 689 ὸίἶ
569 653 817 700 praetulisset,
852 654 1047 700 antispasto
1079 659 1114 688 et
1134 653 1285 688 Bacchio
1317 653 1528 688 coniunctis.
1573 652 1621 687 Et
1642 653 1692 688 sie

215 710 497 746 Scholeiieldius.
538 709 598 744 His
619 709 753 750 verbis,
778 703 891 743 ἄλευε
913 705 985 753 ὀᾶ,
1007 709 1097 744 finiri
1118 709 1334 749 trimetrum,
1359 714 1394 743 et
1416 708 1511 754 quod
1532 708 1693 754 sequitur

216 765 424 815 φοβοῦμαι
441 765 630 800 delendum
648 776 726 799 esse
745 765 811 799 iam
835 764 916 799 olim
939 764 1140 811 suspicatus
1162 775 1251 805 sum,
1276 769 1312 799 et
1334 763 1461 799 delevit
1477 763 1689 804 Dindorfius,

215 822 257 857 de
280 821 547 857 construetione
570 820 722 855 conferri
743 820 868 855 iubens
891 831 981 866 quae
998 820 1163 855 Matthiae
1181 820 1224 854 ad
1235 819 1410 866 Euripidis
1422 819 1508 854 Ilec.
1522 819 1691 855 950.a‹1-

214 877 358 912 notavit.
389 876 562 911 Omittunt
583 880 701 910 autem
723 874 931 924 φοβοῦμαι
953 876 1018 910 soli
1029 876 1129 910 vind.
1144 876 1179 911 2.
1193 877 1229 911 4.
1253 875 1349 921 quod
1370 874 1514 909 verbum
1534 880 1619 921 post
1640 871 1692 909 δᾶ

214 933 325 968 ceteri
342 932 419 967 libri
441 943 563 967 omnes
585 931 717 966 habent
738 931 894 977 legitque
916 931 1138 977 Nicephorus
1160 931 1194 965 in
1215 930 1360 965 scholiis
1381 930 1425 965 ad
1446 930 1632 976 Synesium
1654 942 1688 976 p.

216 990 309 1024 400.
329 988 366 1022 C.
387 982 541 1033 βούταν
562 982 605 1021 δὲ
626 984 742 1020 καλεῖ
756 982 825 1022 τὸν
844 981 1052 1033 πανόπτην
1061 980 1206 1035 Ἄργον
1226 980 1246 1021 ὃ
1268 981 1455 1033 τραγικὸς
1468 981 1690 1032 Αἷσχύλος,

212 1037 300 1090 ἤτοι
315 1038 524 1089 βουκόλον,
538 1037 590 1084 ῑῧς
606 1039 894 1077 ἐπιστατοῦντα
914 1039 978 1076 καὶ
997 1036 1189 1088 ἑπόμενον
1203 1042 1253 1090 τῇ
1268 1036 1344 1075 ’Ῑοῖ
1360 1042 1410 1089 τῇ
1427 1037 1603 1090 θυγατρὶ
1620 1042 1692 1076 τοῦ

210 1093 377 1144 Ἰνάχου.
417 1093 526 1146 φέρει
548 1093 624 1145 γὰρ
647 1092 771 1144 αὐτὴν
792 1093 985 1144 λέγουσαν
1005 1092 1164 1141 οὑτωσί,
1189 1096 1425 1146 (ὄφοβοῦμαι
1447 1092 1517 1139 τὸν
1535 1108 1691 1145 μυριω-

212 1149 288 1189 πὸν
315 1150 508 1202 εἷςοριῦσα
535 1148 726 1199 βούταν.”
768 1153 878 1188 Huius
901 1153 1042 1198 quidem
1064 1164 1135 1187 non
1157 1163 1283 1198 magna
1305 1151 1498 1187 auctoritas
1520 1157 1593 1186 est:
1624 1163 1690 1187 nee

213 1208 443 1243 dubitandum
468 1208 606 1243 videtur
637 1208 721 1253 quin
752 1206 961 1256 φοβοῦμαι
992 1207 1034 1242 ab
1058 1207 1272 1253 explicatore
1295 1207 1340 1241 sit
1362 1207 1551 1247 adiectum,
1576 1207 1635 1253 qui
1656 1207 1691 1242 in

212 1264 480 1300 constructione
515 1263 707 1298 haesitaret
738 1274 805 1309 qna
837 1260 1031 1311 εἷςοριῦσα
1059 1268 1095 1297 et
1117 1259 1219 1311 χρίει
1247 1257 1288 1309 μ’
1313 1255 1472 1311 οἶστρος
1501 1263 1690 1298 coniuncta

212 1325 314 1360 sunt,
352 1319 451 1365 quasi
485 1319 615 1354 dictum
645 1324 742 1353 esset
771 1315 1019 1367 οἶστροῦιιιαι.
1075 1318 1310 1353 Confirmatur
1339 1318 1427 1353 haee
1449 1318 1625 1353 sententia
1646 1329 1689 1354 eo

213 1375 309 1422 quod
341 1375 396 1409 alii
426 1374 748 1415 constructionem,
781 1385 884 1420 quam
907 1374 1070 1420 expedire
1092 1373 1320 1415 nesciebant,
1344 1370 1538 1422 εἷςορῶσα
1557 1374 1592 1408 in
1613 1371 1689 1416 εἷς-

213 1431 295 1480 οριῦ
315 1435 450 1465 mutato
473 1430 538 1464 sibi
558 1430 754 1464 correxisse
776 1430 838 1463 visi
860 1435 953 1464 sunt.
1005 1429 1169 1464 Sentiens
1190 1429 1391 1475 perturbari
1412 1434 1567 1463 mentem
1589 1441 1688 1464 suam

212 1486 269 1527 Io,
292 1486 405 1532 primo
427 1485 461 1519 id
483 1485 688 1531 simpliciter
708 1496 851 1519 narrare
873 1484 1013 1531 incipit,
1044 1485 1159 1519 media
1180 1490 1298 1519 autem
1319 1485 1354 1519 in
1374 1485 1577 1519 narratione
1600 1496 1690 1520 con-

212 1541 366 1588 spiciens
388 1541 612 1575 simulacrum
635 1540 698 1575 seri
720 1540 902 1586 agitatoris
924 1540 1051 1575 clamat
1072 1534 1185 1574 ἄλευε
1209 1536 1272 1584 δᾶ,
1294 1536 1363 1574 τὸν
1381 1535 1592 1588 μυριωπὸν
1611 1537 1688 1582 εἷς-

213 1597 349 1645 ορῶσα
368 1591 533 1642 βούταν.
573 1595 699 1630 Suidas
721 1590 848 1630 ἄλευε.
876 1589 1010 1637 Ἴωνες
1030 1591 1074 1631 τὸ
1097 1591 1270 1645 φυλάξαι
1289 1588 1416 1637 οὕτως
1431 1591 1599 1642 λέγουσι.
1621 1592 1687 1630 καὶ

211 1648 409 1699 παροιμία
439 1645 570 1686 “ἄλευ’
597 1646 675 1686 ἀπὸ
701 1647 879 1697 μείζονος
901 1646 1084 1699 ἀνὸ“ρός.”
1127 1651 1226 1685 Cons.
1251 1651 1405 1685 Zonaras
1427 1662 1462 1697 p.
1492 1652 1580 1687 135.
1622 1651 1685 1686 1110

212 1708 353 1754 quidem
375 1708 409 1741 in
428 1706 616 1754 proverbio
640 1707 930 1753 significationem
952 1706 1056 1741 medii
1077 1705 1184 1741 habet
1206 1701 1368 1741 ἀλεύειν.
1408 1706 1511 1752 Apud
1527 1707 1687 1753 Aeschy-

211 1763 283 1798 lum
304 1762 362 1797 ubi
383 1763 451 1797 hoc
473 1762 618 1797 verbnm
638 1762 812 1797 invenitur
833 1763 982 1796 activum
1005 1767 1070 1803 est,
1094 1768 1255 1797 avertere
1276 1761 1489 1808 significans.

326 1819 416 1854 566.
459 1814 662 1853 εἰσιδοῦσα
689 1818 784 1864 Lips.
806 1819 895 1863 Aug.
917 1818 1003 1852 Ven.
1029 1819 1063 1854 3.
1095 1817 1193 1851 Vind.
1219 1818 1253 1853 2.
1278 1819 1314 1853 4.
1346 1822 1382 1851 et
1401 1828 1461 1866 γρ.
1483 1813 1688 1853 εἷσιὸὀῦσα

212 1874 289 1908 I‘ar.
312 1874 348 1908 B.
391 1870 534 1922 εἶσορίῦ
557 1874 594 1908 G.
618 1873 717 1908 Vind.
746 1875 778 1908 1.
804 1874 838 1909 3.
863 1878 897 1907 et
917 1873 1062 1907 Tzetzes
1084 1873 1117 1907 in
1139 1872 1287 1919 Exegesi
1309 1873 1424 1907 Iliadis
1447 1885 1480 1919 p.
1510 1874 1598 1909 153.
1622 1885 1688 1908 eu-

211 1929 263 1963 ius
292 1929 482 1964 lacunosus
511 1929 630 1969 loeus,
662 1940 765 1974 quem
797 1939 867 1963 11011
889 1940 929 1963 ex
951 1929 1044 1963 omni
1066 1934 1165 1974 parte
1188 1934 1285 1963 recte
1307 1928 1456 1974 explevit
1475 1928 1686 1964 Welckerus

210 1984 245 2018 in
266 1984 470 2030 fragmentis
491 1983 722 2029 Hipponactis
741 1995 775 2029 p.
795 1986 859 2019 47.
879 1984 928 2018 sie
946 1983 1174 2029 integrandus
1197 1989 1262 2023 est,
1280 1979 1348 2018 τὸν
1369 1980 1412 2018 δὲ
1423 1977 1568 2031 Ἄργον
1588 1977 1686 2018 εἶναι

211 2034 309 2073 κύνα
331 2034 430 2087 φασὶ
453 2034 555 2072 κατὰ
574 2034 723 2079 παντὸς
738 2040 808 2073 τοῦ
825 2033 1015 2084 σώματος
1030 2034 1276 2086 ὀφθαλμοὺς
1291 2033 1431 2084 ἔχοντα
1447 2035 1511 2072 καὶ
1529 2034 1684 2087 φυλάτ-

211 2105 332 2128 τοντα
352 2089 424 2140 τὴν
439 2088 503 2128 Ἵιὸ
524 2088 731 2140 προςτάξει
753 2087 987 2140 τῆςἽΙρας·
1018 2087 1062 2128 ὃν
1083 2088 1234 2127 ἀνεῖλεν
1249 2088 1399 2141 Ἑρμῆς
1420 2089 1590 2128 κελεύσει
1612 2095 1684 2129 τοῦ

211 2144 324 2191 Διός.
356 2142 415 2184 ὅτι
439 2144 482 2183 δὲ
502 2144 607 2182 κύων
627 2143 647 2183 ὃ
666 2143 820 2196 Ἄργος,
844 2145 907 2182 καὶ
926 2143 1124 2190 Ἱππῶναξ
1145 2144 1279 2196 φησίν,

406 2199 534 2251 εΕρμῆ
555 2199 741 2250 κύναγχα,
765 2200 966 2252 ῙΙΪῙῃονιστὶ
988 2199 1225 2238 Kartinata..

211 2254 417 2305 Αἰσχύλος
447 2255 490 2293 δὲ
519 2253 564 2293 οὗ
594 2255 691 2293 κύνα
717 2255 1042 2307 πολυόφθαλμον
1070 2255 1139 2294 τὸν
1156 2254 1323 2307 Ἄργον,
1355 2253 1458 2293 ἀλλὰ
1485 2254 1684 2305 βουκόλον

212 2311 309 2363 φησὶ
333 2310 456 2362 λέγων
476 2308 530 2355 ὡς
550 2309 628 2350 ἀπὸ
649 2315 719 2361 τῆς
734 2309 836 2356 Ἰοῦς
857 2311 895 2349 ἐν
915 2315 971 2364 τῷ
991 2312 1221 2361 Προμηθεῖ

412 2365 481 2405 τὸν
499 2366 709 2417 μυριωπὸν
728 2366 866 2419 εἶςοριῦ
886 2366 1052 2415 βούταν.

212 2419 232 2459 ὃ
263 2420 305 2460 df*
334 2420 402 2461 τὸν
421 2421 614 2472 Αἶγίιιιιον
641 2420 804 2473 γράψας
833 2420 1052 2474 ἄνθρωπον
1073 2425 1214 2460 τοῦτον
1235 2421 1332 2473 φησι
1355 2421 1682 2475 τετρόφθαλμον,

212 2475 373 2529 φύλακα
392 2482 462 2527 τῆς
479 2476 578 2522 Ἰοῦς
597 2476 708 2529 παρὰ
729 2475 945 2528 τῆςἽῖρας
965 2477 1222 2529 πεμφθέντα·
1246 2478 1343 2528 λέγει
1367 2477 1409 2516 δὲ
1431 2475 1589 2526 οὑτωσί,

411 2532 480 2569 καί
497 2531 533 2569 οἱ
555 2531 614 2570 ἔπι.
636 2532 785 2571 σκοπὸν
795 2530 940 2584 Ἄργον
956 2533 1005 2570 ἳέι
1029 2531 1221 2585 κρατερόν
1240 2547 1279 2571 τε
1301 2531 1426 2584 με’γαν
1446 2548 1498 2581 τε,

412 2586 594 2637 τέτρασιν
614 2586 893 2640 ὀφθαλμοῖσιν
912 2586 1113 2637 ὁρώμενον
1134 2587 1235 2626 ἔνθα
1255 2588 1320 2625 καὶ
1343 2588 1464 2627 ἔνθα·

411 2640 619 2690 ἀκάματον
640 2642 686 2681 δέ
703 2642 739 2680 οἷ
760 2637 862 2695 ὦρσε
884 2643 963 2681 θεὰ
982 2643 1110 2692 μένος,
1132 2642 1229 2682 οὐδέ
1246 2642 1282 2681 οἱ
1302 2639 1424 2688 ὕπνος

411 2701 550 2735 πῖπτεν
570 2698 630 2735 ἐπὶ,
651 2698 883 2752 βλεφάροις,
906 2699 1065 2751 φυλακὴ
1089 2698 1128 2737 d’
1154 2698 1238 2749 ἔχεν
1258 2698 1427 2750 ἔμπεδος
1448 2697 1534 2736 αἰεί.
