1878 3115
268 766 363 823 DE
407 766 498 824 RE
542 765 831 824 SCENICA
872 767 943 823 IN
983 765 1331 824 AESCHYLI
1375 767 1709 826 ORESTEA.

519 891 637 939 [Edita
659 897 714 927 est
733 893 822 927 haec
845 891 1046 928 dissertatio
1072 904 1164 928 anno
1186 893 1468 941 MDCCCXLVL]

251 1146 298 1181 Ex
329 1157 399 1193 quo
429 1145 631 1193 Volgangus
661 1146 831 1182 Gocthius
866 1147 1041 1194 Euripidis
1075 1148 1292 1195 Iphigeniam
1332 1148 1443 1184 nostri
1481 1148 1552 1184 aevi
1588 1147 1729 1195 ingenio

250 1203 555 1237 accommodatam
577 1203 611 1236 in
634 1214 776 1237 scenam
799 1203 924 1244 emisit,
947 1204 1148 1239 Fridericus
1170 1210 1287 1239 autem
1305 1203 1499 1239 Schillerus
1520 1204 1729 1239 recentioris

249 1258 419 1292 historiae
442 1258 659 1303 argumentis
681 1258 808 1293 imitari
831 1260 1047 1294 Graecorum
1077 1260 1277 1306 tragoedias
1307 1260 1459 1301 studuit,
1494 1271 1535 1294 ex
1555 1265 1655 1306 parte
1677 1259 1729 1293 via

250 1313 434 1348 videbatur
455 1319 650 1348 monstrata
673 1325 752 1348 esse
776 1326 879 1360 quam
901 1315 1174 1361 ingrederentur
1192 1316 1250 1361 qui
1270 1316 1420 1362 posthac
1443 1321 1564 1350 essent
1587 1321 1731 1361 tragoe-

252 1369 325 1404 dias
349 1369 528 1416 scripturi.
574 1369 651 1404 Non
674 1370 805 1405 exstitit
827 1376 944 1405 tamen
967 1371 1025 1416 qui
1048 1382 1121 1405 rem
1143 1371 1343 1406 inchoatam
1365 1371 1573 1418 perficeret:
1598 1371 1729 1417 quippe

250 1436 316 1460 nec
340 1425 424 1460 satis
448 1425 610 1471 cognitae
643 1430 743 1460 erant
772 1426 869 1472 leges
892 1426 1047 1461 Graecae
1070 1427 1294 1473 tragoediae,
1333 1431 1367 1462 et
1397 1426 1600 1462 deterrebat
1630 1426 1729 1461 chori

251 1492 349 1521 usus,
374 1492 478 1527 quem
497 1481 667 1515 Goetliius
691 1481 778 1516 scite
797 1481 971 1528 effugerat
987 1482 1140 1517 choricis
1156 1482 1315 1528 partibus
1331 1483 1366 1517 in
1380 1482 1596 1529 Iphigeniam
1612 1487 1731 1516 trans-

252 1536 344 1570 latis,
394 1536 514 1582 Nuper
536 1536 675 1571 demnm
698 1537 772 1583 ipsa
797 1538 928 1572 Graeca
953 1537 1134 1583 tragoedia
1156 1537 1322 1573 laudabili
1343 1543 1474 1573 conatu
1495 1538 1529 1572 in
1552 1537 1729 1572 theatrum

250 1591 437 1637 producta,
462 1603 673 1637 quamquam
696 1593 729 1626 in
750 1593 944 1638 potissimis
967 1592 1175 1639 quibusdam
1196 1593 1304 1628 rebus
1326 1598 1480 1628 erratum
1502 1598 1588 1633 erat,
1613 1598 1730 1627 tamen

249 1647 297 1681 ita
319 1647 520 1681 hominibus
544 1647 698 1682 ostendit
721 1653 849 1693 quanta
872 1649 920 1682 vis
943 1649 987 1683 sit
1009 1648 1172 1694 antiquae
1195 1649 1449 1695 simplicitatis,
1484 1654 1522 1683 ut
1544 1649 1648 1683 etiam
1670 1648 1730 1694 qui

250 1703 405 1737 novitate
428 1703 540 1749 primo
563 1709 773 1749 stupuerant
797 1704 970 1738 tardiores
993 1709 1027 1738 et
1048 1704 1252 1739 hebetiores
1274 1705 1389 1745 animi,
1413 1716 1490 1740 mox
1513 1703 1730 1739 incredibili-

254 1764 307 1792 ter
323 1770 360 1793 se
379 1764 578 1793 commotos
601 1771 680 1793 esse
702 1759 910 1794 faterentur.
942 1760 1012 1794 Iam
1034 1770 1117 1794 vero
1140 1760 1300 1794 audimus
1323 1760 1426 1795 etiam
1447 1760 1619 1806 integram
1636 1759 1728 1794 illam

253 1813 448 1859 trilogiam,
474 1826 563 1860 quae
586 1814 660 1849 sola
683 1820 818 1849 servata
841 1820 914 1856 est,
940 1815 972 1849 in
994 1815 1134 1850 brevius
1157 1821 1377 1850 contractam
1398 1816 1538 1850 theatro
1563 1815 1728 1849 traditum

252 1869 311 1903 iri:
336 1881 440 1915 quam
462 1870 496 1903 in
517 1870 665 1915 patriam
688 1870 840 1916 linguam
865 1871 1055 1905 transferre
1077 1872 1210 1905 iussum
1232 1872 1399 1906 loannem
1416 1871 1599 1906 Franzium
1622 1881 1728 1916 quum

252 1924 385 1959 videam
416 1925 627 1960 auctoritate
651 1927 689 1960 Ο.
713 1926 849 1961 Mtilleri
871 1931 906 1960 et
927 1927 952 1960 Ι.
976 1928 1075 1961 Gust.
1097 1926 1280 1973 Droysenii
1309 1932 1509 1973 permotum
1540 1925 1729 1961 adscivisse

253 1991 343 2025 quae
365 1980 400 2014 hi
421 1980 483 2014 viri
505 1980 722 2015 incredibilia
745 1982 936 2016 commenti
958 1987 1062 2022 sunt,
1096 1993 1226 2028 operae
1247 1983 1400 2028 pretium
1423 1982 1501 2017 duxi
1524 1982 1566 2017 de
1588 1992 1625 2016 re
1648 1992 1730 2016 sce-

252 2035 330 2069 nica
361 2035 394 2069 in
424 2035 500 2069 istis
531 2036 721 2080 tragoediis
754 2047 868 2082 pauca
899 2036 1087 2071 disserere.
1135 2037 1273 2071 Accidit
1294 2038 1386 2071 enim
1407 2037 1493 2078 illis,
1527 2042 1586 2077 ut,
1621 2047 1727 2082 quum

253 2090 369 2124 omnia
401 2102 505 2136 quam
535 2091 801 2126 accuratissime
830 2102 999 2126 exornare
1030 2098 1221 2138 cuperent,
1259 2093 1402 2138 antiqua
1433 2103 1511 2127 cum
1548 2091 1728 2126 hodiernis

253 2151 532 2186 commutarent,
555 2152 813 2192 putarentque,
846 2158 935 2192 quae
957 2158 1050 2182 nunc
1072 2147 1223 2181 sortasse
1245 2148 1426 2193 placeant,
1459 2148 1563 2182 etiam
1586 2146 1728 2181 Graecis

252 2206 332 2235 ante
355 2201 434 2247 plus
457 2212 561 2247 quam
585 2202 653 2236 duo
677 2213 848 2236 annorum
871 2202 962 2237 milia
985 2202 1174 2248 placuisse.
1225 2203 1352 2237 Verum
1374 2203 1408 2237 in
1430 2214 1470 2237 ea
1493 2214 1529 2237 re
1551 2202 1672 2237 levitas
1693 2207 1729 2236 et

253 2257 382 2291 cursim
405 2263 613 2302 peragratac
637 2258 854 2303 antiquitatis
877 2259 1088 2299 ostentatio,
1112 2270 1182 2292 nou
1203 2258 1329 2304 peritia
1347 2264 1381 2293 et
1398 2258 1551 2293 studium
1573 2257 1728 2292 veritatis

254 2312 423 2353 cernitur.
466 2312 581 2346 Facile
604 2319 657 2347 est
679 2313 811 2359 tingere
835 2324 924 2359 quae
945 2313 1038 2348 saeta
1060 2324 1139 2348 esse
1160 2314 1343 2360 potuerint
1374 2313 1425 2358 (ct
1446 2325 1517 2348 non
1539 2314 1626 2348 haec
1650 2318 1728 2347 tan-

255 2373 347 2407 tum,
387 2368 447 2401 sed
478 2368 582 2402 etiam
613 2380 703 2413 quae
727 2379 770 2402 ne
792 2373 986 2414 potuerunt
1007 2369 1147 2414 quidem
1179 2369 1254 2403 fieri
1275 2380 1339 2415 pro
1360 2369 1451 2404 veris
1472 2368 1608 2403 vendita
1632 2368 1729 2403 vide-

253 2423 366 2468 mus):
390 2434 508 2456 verum
532 2424 589 2468 qui
612 2435 681 2457 non
704 2424 801 2457 lusus
824 2424 1072 2458 luxuriantium
1094 2425 1326 2470 ingeniorum,
1351 2424 1414 2459 sed
1428 2436 1486 2458 res
1505 2429 1651 2458 testatas
1668 2428 1728 2458 aut

252 2477 344 2511 iusta
366 2478 635 2513 ratiocinatione
657 2479 815 2513 inventas
837 2484 1106 2525 repraesentare
1129 2480 1257 2519 volent,
1282 2491 1343 2514 eos
1360 2490 1429 2514 non
1446 2479 1550 2514 decet
1565 2478 1726 2525 proferre

255 2544 343 2577 qnae
366 2544 480 2579 neque
504 2544 546 2567 an
568 2534 697 2569 fuerint
719 2535 846 2575 sciunt,
871 2540 916 2575 et,
941 2535 968 2569 si
987 2534 1211 2581 (Quaererem,
1235 2540 1295 2569 aut
1311 2546 1383 2569 non
1397 2534 1517 2575 fuisse,
1541 2539 1601 2568 aut
1615 2533 1725 2568 multo

254 2587 361 2621 aliter'
376 2595 579 2634 comparata
600 2590 808 2624 invenirent.
838 2590 888 2624 lta
912 2591 988 2636 quis
1011 2591 1132 2625 credat
1154 2590 1274 2625 Furias
1295 2590 1330 2624 in
1352 2589 1602 2625 Eumenidihus
1623 2589 1727 2624 foeda

254 2642 311 2677 illa
333 2644 451 2689 speeie
480 2644 701 2680 introductas
731 2657 810 2681 esse
840 2657 944 2692 quam
965 2646 1096 2693 pictam
1119 2646 1214 2681 dedit
1236 2646 1272 2681 C.
1291 2647 1330 2680 A.
1354 2645 1575 2692 Bottigerus,
1610 2655 1726 2691 neque
