1878 3115
226 192 301 229 154
790 197 847 228 DE
874 195 1120 228 ERRORlBVS

222 307 332 343 retur,
355 301 389 336 id
404 300 598 347 Aeschylus
621 311 763 346 quoque
785 299 880 340 fecit,
904 299 963 345 qui
981 298 1160 345 Scythiam
1181 298 1382 340 nominavit,
1400 310 1471 334 non
1489 298 1697 340 Caucasum,

224 369 293 403 quo
324 356 542 391 nobilissimo
564 356 598 389 in
618 360 739 390 monte
761 355 790 389 si
811 355 990 401 alligatum
1012 354 1157 389 fecisset
1177 354 1447 395 Prometheum,
1478 354 1620 401 ineptus
1642 354 1698 389 su-

218 412 304 447 isset
325 413 353 446 si
375 412 409 446 id
429 423 499 446 non
521 411 665 445 dixisset
685 410 762 457 ipso
784 410 926 445 nomine
948 410 1077 445 montis
1096 414 1388 444 commemorato.
1424 411 1468 444 At
1485 420 1564 445 eum
1581 421 1697 456 neque

216 467 251 502 in
273 467 415 502 exordio
438 466 639 507 nominavit,
662 477 778 512 neque
801 466 876 501 eius
898 465 967 501 ulla
989 465 1054 500 alia
1075 465 1110 500 in
1131 470 1232 512 parte
1255 464 1392 500 fabulae
1413 465 1460 500 ita
1480 465 1697 500 mentionem

217 523 318 563 fecit,
342 522 388 556 ibi
409 527 448 556 ut
468 533 525 557 res
547 522 603 568 agi
623 521 820 563 videretur,
842 521 949 557 veluti
969 533 1000 556 v,
1031 523 1118 557 117.
1140 520 1199 556 ubi
1220 516 1427 569 τερμόνιον
1447 515 1592 568 πάγον,
1623 532 1693 555 non

216 578 346 612 montis
375 577 467 612 illius
496 589 627 612 nomen
655 577 793 624 posuit,
826 583 861 613 et
890 589 920 612 ν.
946 579 1037 614 303.
1061 576 1120 611 ubi
1140 577 1267 611 iterum
1290 576 1470 623 Scythiam
1492 580 1614 623 aperte
1636 587 1699 611 so-

214 633 283 668 lam
306 633 479 679 designat,
503 633 682 668 Oceanum
704 629 776 681 τὴν
794 628 1098 682 σιδηρομήτορα
1118 629 1157 674 ἐς
1177 625 1270 666 αἶαν
1288 632 1406 667 venire
1429 632 1563 667 diceus.
1607 631 1697 674 Quin

215 689 249 723 in
271 689 426 724 carmine
448 688 549 724 chori
568 701 599 723 v.
623 689 716 725 422.
748 689 931 735 distinguit
952 688 1148 723 Caucasum
1169 687 1211 723 ab
1234 699 1276 723 eo
1299 688 1379 722 loco
1402 688 1435 722 in
1458 698 1527 734 quo
1550 687 1698 722 Prome-

216 745 320 779 theus
357 750 431 785 est,
465 744 629 791 adeoque
658 756 689 779 v,
715 745 806 781 720.
836 745 1087 779 Prometheum
1115 743 1190 778 loni
1218 743 1394 778 dicentem
1424 743 1508 778 facit
1536 739 1630 792 πρὶν
1650 738 1699 777 ἂν

215 795 316 849 πρὸς
345 795 467 835 αὐτὸν
487 796 708 835 Καύκασον
731 795 879 849 μόλῃς·
910 811 1000 846 quae
1030 799 1136 834 verba
1167 799 1226 846 qui
1256 799 1306 834 sie
1328 799 1554 845 interpretari
1576 797 1695 833 conati

215 860 319 896 sunt,
351 860 388 890 ut
417 866 457 890 ea
487 856 666 891 conciliari
688 867 767 891 cum
789 855 990 891 Promethei
1012 855 1046 889 in
1068 856 1225 890 Caucaso
1248 854 1449 900 alligatione
1472 865 1579 900 posse
1601 853 1697 888 arbi-

217 916 413 952 trarentur,
443 911 629 946 manifesto
658 912 820 946 fecerunt
852 911 948 958 quod
969 910 1161 945 absurdum
1183 915 1238 945 est
1258 921 1374 956 neque
1396 909 1531 944 homini
1552 920 1638 944 sano
1663 909 1698 944 in

216 972 371 1001 mentem
394 966 509 1001 venire
532 966 665 1001 debuit.

328 1022 440 1056 Prima
462 1033 543 1068 pars
564 1022 711 1062 itineris,
736 1033 805 1068 quo
827 1022 864 1056 le
888 1021 1010 1056 orbem
1033 1026 1204 1056 terrarum
1225 1025 1414 1067 pervagata
1436 1025 1502 1061 est,
1525 1020 1610 1054 nihil
1633 1020 1699 1055 ha-

216 1077 278 1112 bet
299 1077 538 1112 obscuritatis.
579 1078 681 1123 Argis
703 1077 747 1112 ad
768 1077 986 1112 Cenchreum
1008 1082 1044 1112 et
1064 1077 1260 1111 Lernaeum
1281 1076 1363 1110 litus
1385 1076 1545 1122 prosecta
1568 1075 1698 1110 dicitur

216 1144 247 1167 v.
267 1134 314 1168 67
324 1135 359 1169 7.
379 1134 470 1169 678.
507 1133 595 1168 Hinc
618 1144 687 1179 quo
710 1144 747 1168 se
769 1133 914 1167 verterit
934 1144 1005 1167 non
1026 1133 1156 1167 indicat
1176 1137 1295 1178 poeta,
1314 1131 1377 1166 sed
1398 1132 1507 1166 multa
1528 1143 1568 1166 se
1591 1131 1700 1166 omit-

217 1193 292 1223 tere
314 1188 488 1234 significat
508 1188 562 1222 his
584 1188 699 1223 verbis
721 1200 751 1222 v.
777 1189 869 1224 828.

416 1237 535 1290 ὄχλον
553 1239 627 1290 μὲν
647 1233 718 1278 οὖν
738 1238 806 1278 τὸν
826 1241 1012 1277 πλεῖστον
1032 1238 1203 1288 ἐκλείψω
1225 1236 1364 1289 λόγων,

416 1295 516 1347 πρὸς
538 1294 635 1334 αὐτὸ
659 1294 699 1333 δ’
720 1291 797 1345 εῗμι
820 1294 947 1347 τέρμα
968 1298 1050 1333 σῶν
1069 1292 1353 1344 πλανημάτων.

217 1354 287 1389 Iam
317 1354 423 1400 igitur
443 1355 483 1388 iis
506 1355 565 1400 qui
586 1360 785 1400 sequnntur
805 1354 964 1389 versibus
986 1354 1029 1389 ad
1051 1354 1226 1388 Molossos
1249 1364 1325 1387 eam
1347 1364 1387 1387 ac
1409 1352 1592 1387 Dodonam
1615 1364 1700 1399 per-

217 1409 366 1450 venisse,
389 1410 468 1444 inde
491 1415 607 1445 autem
630 1416 819 1456 postquam
841 1410 876 1444 in
897 1410 999 1444 litore
1020 1420 1211 1456 progressa
1229 1408 1272 1444 ad
1289 1409 1403 1443 sinum
1420 1409 1555 1443 lonium
1572 1419 1699 1443 acces-

218 1465 344 1505 sisset,
377 1472 472 1500 retro
505 1471 619 1501 actam
642 1466 683 1500 ad
706 1466 956 1500 Prometheum
977 1465 1114 1500 venisse
1138 1465 1343 1511 accipimus.
1386 1464 1473 1499 Hinc
1497 1476 1534 1499 se
1557 1463 1698 1499 iubetur

218 1520 262 1555 ad
290 1521 461 1555 orientem
492 1527 629 1556 vertere
651 1533 681 1555 v,
708 1523 799 1557 707.
830 1532 1009 1567 quumque
1039 1532 1104 1567 per
1125 1521 1202 1555 loca
1225 1520 1365 1555 deserta
1386 1520 1522 1554 venerit
1542 1519 1586 1554 ad
1608 1519 1698 1566 Sey—

217 1576 296 1610 thas
318 1576 512 1617 Nomades,
546 1577 611 1611 hos
639 1577 748 1611 vitare
770 1581 805 1611 et
826 1577 860 1611 in
881 1588 1007 1622 aspera
1028 1576 1133 1611 maris
1156 1587 1216 1610 ora
1236 1575 1421 1621 progredi,
1453 1575 1495 1609 ad
1517 1575 1693 1610 sinistram

218 1631 352 1666 habens
375 1632 558 1678 ChalybeS,
581 1643 694 1679 usque
717 1632 798 1667 dum
820 1632 863 1667 ad
883 1634 1019 1666 Araxen
1040 1631 1231 1678 perveniat,
1253 1643 1284 1665 ν.
1310 1632 1541 1667 709-717.
1582 1632 1697 1676 Aper—

220 1692 293 1721 tum
315 1692 387 1728 est,
422 1699 508 1734 quas
531 1693 637 1734 poeta
659 1700 690 1722 v.
716 1689 807 1724 712.
830 1682 1064 1729 ἁλιστόνοις
1084 1681 1225 1735 ῥαχίας
1245 1691 1366 1727 vocat,
1390 1686 1472 1720 litus
1495 1697 1574 1721 esse
1596 1686 1697 1720 Ponti

218 1742 359 1777 Euxini:
391 1754 460 1789 quo
491 1743 642 1778 efficitur
670 1743 787 1778 locum
817 1744 851 1777 in
883 1754 952 1789 quo
981 1743 1118 1777 vinctus
1150 1748 1203 1777 cst
1225 1742 1457 1776 Prometheus
1479 1742 1512 1776 in
1535 1753 1575 1776 ea
1595 1747 1696 1788 parte

219 1797 383 1844 Scythiae
413 1810 512 1838 esse,
545 1810 634 1845 quae
664 1799 827 1845 regiones
857 1798 932 1833 illas
963 1799 997 1833 in
1020 1798 1136 1833 tabula
1158 1798 1355 1844 descriptas
1376 1797 1526 1832 intuenti
1547 1797 1589 1831 ad
1612 1797 1699 1831 sini-

218 1859 326 1887 stram
349 1865 454 1899 supra
476 1854 627 1889 Pontum
649 1855 818 1889 Euxinum
841 1859 907 1889 est.
948 1854 1047 1889 Nune
1070 1854 1267 1900 quaesitum
1291 1858 1363 1893 cst,
1396 1853 1455 1899 qui
1477 1853 1520 1887 sit
1541 1853 1607 1887 iste
1630 1853 1698 1887 ssu-

218 1909 292 1943 vius
323 1920 426 1955 quem
455 1910 549 1944 visus
581 1916 635 1944 est
655 1910 850 1956 Aeschylus
879 1910 1001 1956 ignoto
1033 1910 1108 1944 aliis
1130 1909 1270 1944 nomine
1294 1908 1481 1955 llybristen
1503 1908 1694 1955 appellare.

219 1964 306 1998 Eum
329 1965 493 2010 quoniam
516 1971 550 1999 ct
571 1970 708 1999 veteres
730 1966 943 2011 interpretes
960 1967 1096 1999 Araxen
1117 1976 1195 1999 esse
1218 1969 1364 1999 monent
1386 1969 1420 1998 et
1441 1964 1516 2010 ipsa
1539 1965 1613 1998 eius
1632 1963 1696 1998 de-

220 2019 365 2065 scriptio
387 2020 513 2065 arguit,
537 2021 604 2054 hoc
627 2020 767 2055 nomine
789 2026 951 2055 vocatum
974 2031 1053 2055 esse
1075 2020 1109 2054 in
1129 2031 1233 2054 versu
1255 2019 1313 2065 qui
1332 2019 1499 2053 exciderit
1515 2024 1697 2053 ostensum

221 2080 275 2109 est
295 2075 329 2109 in
351 2075 648 2110 adnotationibus.
686 2075 757 2109 Sed
777 2087 917 2109 rursum
940 2075 1130 2121 quaeritur,
1155 2075 1214 2120 qui
1236 2075 1280 2108 sit
1300 2074 1328 2108 is
1347 2074 1469 2108 fluvius
1488 2085 1592 2120 quem
1609 2075 1698 2109 Ara—

219 2130 270 2164 xis
298 2130 458 2171 nomine,
486 2141 557 2165 non
588 2131 646 2165 uni
668 2130 769 2166 fluvio
795 2130 897 2165 tribui
919 2130 1035 2171 solito,
1059 2129 1297 2176 appellaverit.
1341 2129 1452 2172 Quem
1475 2140 1582 2176 quum
1605 2129 1698 2164 dicat

221 2186 255 2219 in
277 2187 434 2220 Caucaso
464 2191 584 2221 monte
614 2186 715 2227 oriri,
746 2198 817 2221 non
839 2186 932 2221 cadit
953 2186 986 2220 id
1008 2186 1041 2220 in
1064 2197 1125 2220 cos
1148 2186 1205 2231 qui
1227 2185 1374 2232 proximi
1396 2189 1590 2219 occurrunt
1610 2185 1697 2219 insi—

221 2241 363 2287 gniores
392 2241 502 2282 fluvii,
527 2242 800 2287 Borysthenem,
833 2241 892 2288 qui
913 2242 946 2276 in
968 2242 1117 2276 Pontum
1139 2242 1321 2281 Euxinum,
1346 2245 1381 2275 et
1401 2241 1549 2281 Tanain,
1583 2241 1640 2286 qui
1663 2240 1696 2274 in

220 2297 384 2343 paludem
405 2297 614 2332 Maeotidem
636 2297 844 2339 ell'unditnr3
868 2298 961 2332 cadit
981 2302 1097 2331 alitem
1120 2297 1152 2331 in
1174 2297 1269 2331 illum
1292 2297 1350 2342 qui
1372 2296 1476 2331 hodie
1492 2296 1612 2331 Cuhan
1633 2308 1697 2330 vo—

222 2358 339 2393 catur,
373 2353 467 2399 quod
496 2365 625 2387 nomen
654 2364 725 2388 non
756 2353 985 2388 dubitandum
1017 2358 1071 2387 cst
1100 2353 1183 2398 quin
1213 2364 1253 2387 ex
1274 2352 1409 2399 Hypani
1430 2351 1611 2386 manserit.
1652 2352 1696 2386 At

221 2407 325 2442 etiam
347 2408 500 2454 Hypanis
535 2420 659 2455 vagum
688 2420 803 2455 neque
832 2409 892 2443 uni
922 2414 1089 2443 constans
1121 2408 1223 2442 fluvio
1254 2418 1383 2442 nomen
1405 2413 1476 2442 est:
1515 2407 1577 2442 sed
1598 2407 1695 2441 illum

222 2474 325 2508 quem
349 2463 414 2498 dixi
436 2465 701 2509 nuelligendum
724 2476 802 2499 esse
825 2470 922 2499 recte
940 2464 1075 2499 monuit
1091 2464 1286 2498 Volckcrus
1303 2475 1339 2510 p.
1360 2464 1451 2499 211.
1468 2474 1569 2509 seqq.
1592 2473 1697 2509 pror-

222 2529 282 2551 sus
312 2518 368 2553 ille
400 2524 516 2554 tamen
545 2520 635 2554 male
670 2532 753 2554 usus
784 2520 841 2555 illa
873 2519 1119 2554 observatione
1141 2531 1174 2565 p.
1201 2521 1292 2555 214.
1343 2519 1612 2565 Apertissimum
1642 2522 1696 2552 est

223 2573 332 2613 enim,
365 2574 393 2608 si
422 2576 457 2609 lo
482 2575 654 2622 Chalybes
684 2576 726 2610 ab
748 2575 910 2615 sinistra,
950 2576 1100 2609 Pontum
1123 2575 1291 2609 Euxinum
1315 2587 1333 2609 a
1356 2574 1473 2609 dextra
1496 2573 1630 2608 habens
1653 2572 1696 2606 ad

222 2628 361 2663 nuvium
383 2631 541 2675 pervenit
563 2642 665 2677 quem
689 2636 836 2678 propter
857 2631 931 2665 eius
954 2631 1207 2667 vehementiam
1231 2635 1405 2665 tranatare
1423 2633 1586 2675 nequeat,
1610 2628 1695 2662 dex—

223 2688 311 2717 tram
333 2684 442 2730 ripam
466 2685 555 2720 ssuvii
576 2686 667 2721 illius
690 2698 707 2722 e
726 2687 882 2721 Caucaso
905 2686 937 2720 in
960 2697 1054 2721 mare
1077 2686 1161 2720 illud
1177 2686 1310 2721 ruentis
1327 2684 1484 2729 intelligi.
1522 2683 1569 2718 Ea
1589 2676 1695 2729 igitur
