1878 3115
228 168 308 207 480
792 174 1133 208 ADNOTATIONES

226 281 406 315 dicantur:
437 284 475 314 ut
502 285 651 326 piopter
679 279 769 314 hanc
801 279 942 326 quidem
972 290 1133 315 caussam
1156 284 1253 314 iccte
1274 279 1432 314 videatur
1452 280 1570 315 dicere
1592 285 1697 327 poeta

224 336 384 382 potuisse
406 329 588 382 πημοιὴν
609 328 872 384 ἄρκίστατοι.
922 335 1030 370 Recte
1061 341 1176 370 tamen
1198 335 1384 370 Elmsleius
1412 329 1627 385 douiomz'
1651 331 1701 370 ἂι

225 391 332 426 sciibi
363 390 483 425 iussit:
521 390 584 425 sed
610 390 838 436 praetervidit
867 401 939 425 non
965 391 1161 437 perfectam
1192 401 1233 425 eo
1265 402 1344 426 esse
1373 391 1500 426 horum
1533 401 1699 426 versuum

226 446 521 481 emendationem.
571 445 657 480 Nam
685 446 714 480 si
742 446 810 487 ita,
842 451 880 481 ut
901 446 1009 481 voluit
1029 447 1235 487 Elmsloius,
1265 446 1462 493 Aeschylus
1484 446 1698 493 scripsisset,

225 503 294 537 hoe
317 502 461 542 diceret,
494 504 668 549 quomodo
697 503 791 537 enim
819 504 898 549 quis
927 503 1087 539 inimicis
1115 504 1384 549 insuperabilia
1406 502 1501 537 retia
1521 504 1700 548 pararet?

225 560 268 592 At
290 558 357 592 hoc
379 568 503 604 parum
526 562 646 604 aptum
668 563 774 598 esset,
799 558 878 603 quia
896 559 1070 593 sententia
1087 569 1157 593 non
1175 558 1311 604 integra
1333 563 1440 599 esset,
1464 556 1527 592 sed
1547 557 1702 592 reserre—

227 620 283 648 tur
304 613 346 648 ad
368 613 402 647 id
424 613 519 659 quod
540 625 612 648 non
634 619 689 648 est
705 613 848 653 dictum,
872 615 946 650 nisi
964 615 1101 661 faceret
1123 615 1217 661 quod
1234 625 1295 660 eqo
1310 615 1392 660 feci,
1413 620 1451 648 ul
1468 613 1547 648 alia
1568 613 1702 648 diceret

226 681 334 716 quam
356 672 512 704 sentiret.
543 669 651 704 Multo
669 669 864 715 graviorem
883 674 919 704 et
939 670 1111 716 aptiorem
1129 669 1325 705 orationem
1343 669 1445 704 unius
1467 668 1605 703 litterae
1622 678 1718 702 11111-Δ

228 725 359 760 tatione
381 724 636 760 restituendam
658 735 737 759 esse
759 724 888 771 putavi,

429 780 538 828 πᾶς;
544 775 602 829 ἄρ
625 791 683 822 τις
704 777 868 829 ἐχθροῖς
888 775 1019 842 ἐχθρὰ
1040 774 1262 843 now-dvm,
1285 776 1353 829 (μ’)
1360 791 1416 822 οις

431 810 619 871 ὅθκΟΙῦσίν
639 847 749 880 ἓΙΖάΙ,
771 847 954 883 ΠΊῙΙΗΟΠΙῘς
975 848 1182 884 aOJzOTaT
1215 830 1266 869 ἀν

428 885 614 939 ᾳράξειει
632 883 741 937 ἷψος
762 892 946 940 κοςῖσσον
965 885 1257 937 (κτῃὸιμιυτος

228 947 315 981 Male
337 951 419 992 post
441 941 626 994 (sod'g‘ctev
646 946 777 991 virgula
799 946 1066 992 ponitu11na1n
1088 946 1131 980 ad
1153 940 1277 995 ([ριιξ
1265 957 1313 980 εει
1319 959 1338 979 ν
1359 946 1447 981 alter
1468 945 1700 983 accusativus,

227 996 346 1048 ὕψος,
368 1002 511 1036 modum
526 1002 576 1036 rei
593 1001 810 1041 describens,
829 1001 1041 1047 adiungitur.
1080 1001 1180 1044 Quod
1199 1001 1354 1036 Halmius
1375 1002 1408 1036 in
1423 1001 1520 1036 Leet.
1536 1001 1701 1036 Aeseh.1.

226 1058 351 1104 pagina
383 1057 504 1092 ultima
534 1057 705 1098 coniecit,
737 1049 845 1103 ὕψος
872 1051 1066 1106 κρείσσον’
1088 1051 1388 1105 ἐκπηδήματος,
1418 1057 1532 1092 minus
1561 1056 1701 1103 poetice

228 1114 358 1147 dietum
382 1118 448 1147 est.

345 1170 461 1205 1338.
492 1168 586 1203 Libri
603 1163 722 1215 νίκης.
758 1168 867 1204 Recte
885 1169 1055 1204 Heathius
1079 1165 1216 1215 νείκης,
1240 1169 1334 1215 quod
1351 1168 1558 1204 vocabulum
1576 1167 1701 1202 Suidas

228 1230 333 1270 atque
356 1224 469 1271 Etym.
493 1224 536 1259 M.
560 1236 593 1271 p.
614 1225 706 1265 276,
727 1226 762 1261 3.
786 1221 1006 1273 (stium-[xla
1027 1224 1316 1271 interpretantur.
1371 1224 1492 1270 Neque
1515 1223 1618 1259 dubia
1639 1234 1704 1257 vox

229 1280 334 1314 videri
357 1279 508 1315 debebat
530 1280 759 1321 Blomfieldio,
785 1292 890 1326 quum
914 1280 1194 1327 Etymologicum
1217 1280 1347 1315 diserte
1371 1280 1497 1315 doceat
1518 1291 1559 1315 ex
1580 1280 1704 1321 νεῖκος

229 1336 355 1370 factam
378 1347 458 1370 cum
480 1336 701 1382 diphthongo
724 1336 842 1371 scribi.

345 1392 461 1427 1339.
494 1386 597 1426 Z'nffl'
620 1391 709 1426 Vict.
733 1397 779 1432 et,
802 1396 841 1426 ut
862 1392 1010 1433 videtur,
1034 1391 1127 1427 Flor.
1174 1391 1276 1434 Quod
1298 1391 1456 1438 Scaliger
1477 1390 1702 1426 scribendum

215 1447 322 1487 ⁴vidit,
346 1440 487 1492 ἕπαιό,
512 1453 565 1482 est
586 1447 620 1481 in
642 1447 727 1482 Ven.
751 1448 853 1482 Farn.

345 1503 461 1538 1341.
496 1496 826 1549 αἰιιύινεσθαιΐὼῑ.
850 1496 1088 1549 ἀμύνασθαι
1100 1503 1289 1538 Ven.Flor.
1303 1503 1405 1537 Farn.
1427 1502 1515 1537 Illud
1531 1506 1700 1548 praestat.

346 1559 462 1594 1343.
493 1554 767 1607 περιστιχίζων
782 1558 868 1593 Verr.
898 1554 1299 1607 περιστοιχίζωνκῚοῐκ
1322 1553 1594 1607 περιστοιχίζω
1612 1556 1700 1591 vict.

228 1609 477 1663 περιστιχίζω)
500 1614 601 1648 Farn.
623 1619 662 1648 ut
682 1615 834 1649 Auratus
857 1619 892 1649 et
914 1614 1084 1648 Canterus
1105 1613 1391 1649 emendaverunt.

346 1670 461 1705 1344.
494 1669 556 1704 Illo
578 1666 682 1704 παίω
713 1665 759 1704 δέ
776 1682 836 1703 νιν
856 1665 916 1711 δίς
935 1669 1124 1715 respicitur
1145 1669 1188 1703 ad
1209 1681 1239 1703 v.
1263 1670 1377 1706 1303.
1406 1669 1521 1705 1305.
1570 1667 1702 1702 Deinde

229 1724 307 1759 libri
329 1718 402 1758 κᾶν
423 1721 536 1758 δυοῖν
557 1718 819 1772 οἰμώγμασιν.
862 1725 1090 1759 Verissimum
1112 1735 1190 1759 esse
1211 1730 1310 1771 puto,
1335 1724 1430 1771 quod
1451 1723 1638 1758 Elmsleius
1659 1722 1702 1758 ad

230 1780 319 1815 Med.
343 1792 372 1814 v.
393 1781 482 1816 798.
506 1791 540 1826 p.
561 1781 653 1816 203.
677 1780 868 1826 significat,
901 1780 1127 1815 scribendum
1149 1791 1228 1815 esse
1251 1773 1534 1828 (ἥμισηῃιιάτοιν,
1570 1779 1702 1814 docens

228 1836 285 1870 ille
308 1830 380 1870 (3150
401 1836 554 1882 quidem,
579 1836 641 1870 sed
662 1847 733 1870 non
756 1832 869 1870 δυοῖν
895 1847 974 1871 cum
996 1836 1063 1871 alio
1084 1836 1229 1882 pluralis
1251 1836 1388 1870 numeri
1408 1835 1549 1870 nomine
1572 1845 1704 1870 conso-

229 1891 325 1925 ciari.
369 1891 470 1933 Quod
500 1896 554 1926 est
583 1891 625 1926 (le
661 1892 802 1937 tragicis
833 1897 868 1926 et
889 1891 1017 1926 ceteris
1040 1891 1297 1938 antiquioribus
1319 1890 1552 1937 scriptoribus
1573 1889 1704 1925 intelli-

229 1946 394 1991 gendum.
425 1946 655 1983 Recentiores
675 1947 765 1981 enim
783 1947 897 1981 minus
914 1947 947 1981 in
963 1947 1031 1981 1100
1049 1958 1180 1993 genere
1195 1947 1356 1981 videntur
1371 1947 1556 1993 diligentes
1573 1945 1701 1980 fuisse:

188 2013 201 2024 ¹
228 2000 304 2035 vide
328 2000 556 2046 Gottlingium
586 2002 629 2035 ad
650 2001 887 2036 Theodosium
908 2013 943 2047 p.
963 2002 1054 2037 212.
1079 2013 1153 2047 seq.
1185 2013 1289 2048 quem
1310 2002 1555 2048 Aristophanis
1577 2006 1612 2036 et
1634 2000 1703 2034 De—

229 2056 425 2090 mosthenis
447 2056 658 2091 auctoritate
689 2056 739 2090 uti
772 2067 842 2091 non
865 2056 1030 2091 debuisse
1053 2056 1091 2091 G.
1115 2056 1312 2091 Dindorfius
1335 2062 1369 2091 et
1392 2056 1604 2092 Schacserus
1626 2055 1703 2090 ani-

228 2111 504 2146 madverterunt.

346 2168 462 2203 1345.
494 2165 587 2201 Libri
616 2160 762 2211 αὐτοῦ,
799 2166 894 2212 quod
922 2166 1146 2202 Wellauerus
1177 2172 1212 2202 et
1247 2166 1515 2202 Scholefieldius
1547 2176 1626 2200 cum
1655 2166 1699 2199 15.

231 2222 383 2257 lessio
376 2234 410 2257 111
432 2216 557 2257 αὑτοῦ
577 2227 769 2257 mutarunt
811 2221 973 2257 Defendit
995 2216 1120 2257 αὐτοῦ
1139 2222 1389 2263 Blomfieldius,
1420 2222 1483 2257 sed
1503 2221 1611 2261 male,
1642 2221 1701 2266 qui

232 2278 280 2312 sic
303 2277 449 2323 intelligi
469 2277 574 2312 velba
595 2278 688 2319 velit,
720 2276 829 2313 κῶλα
851 2272 978 2313 αὐτοῦ
996 2276 1175 2326 μεθῆκεν
1195 2271 1327 2313 αὐτόν.
1368 2278 1478 2312 Immo
1501 2270 1626 2311 αὐτοῦ
1647 2281 1702 2311 est

230 2334 343 2373 illico,
367 2332 475 2368 mma
497 2338 613 2368 autem
636 2333 869 2369 accusativus.
911 2333 1096 2379 Euripides
1113 2333 1216 2381 Hipp.
1229 2344 1263 2368 v:
1275 2334 1366 2370 356.
1389 2327 1510 2383 ῥιψω,
1530 2323 1714 2379 μεθησω

230 2382 330 2435 σῶμ’
344 2399 352 2407 ·
375 2382 746 2436 άπαὶὶαχθησομαι
767 2385 860 2434 βίον
882 2387 1082 2423 θανοῦσα.

350 2445 463 2480 1348.
495 2444 589 2479 Libii
611 2439 747 2479 αὐτοῦ.
789 2444 994 2479 Emendavit
1015 2444 1215 2479 Schmzius.
1257 2444 1388 2479 Deinde
1409 2443 1488 2479 libri
1509 2437 1701 2491 ὁρμαίνει,

232 2499 325 2545 quod
346 2510 390 2534 ne
411 2500 590 2534 Porsonus
614 2500 755 2546 quidem
785 2499 889 2534 obelo
911 2500 1055 2534 notavit.
1095 2501 1139 2534 At
1166 2501 1234 2535 hoc
1263 2499 1407 2535 verbum
1435 2509 1542 2545 quum
1569 2508 1634 2544 per
1663 2508 1700 2531 se

232 2561 437 2600 suspectum
460 2566 538 2590 esse
561 2555 723 2596 debebat,
754 2560 793 2590 ut
815 2554 909 2601 quod
932 2555 1054 2601 tragici
1076 2555 1185 2601 epicis
1216 2555 1434 2601 reliquerint,
1465 2564 1580 2600 neque
1602 2552 1700 2598 quis-

233 2620 334 2654 quam
359 2621 480 2645 eorum
503 2622 694 2657 usurpasse
716 2610 914 2657 reperiatur
929 2610 993 2644 nisi
1008 2611 1202 2657 Aeschylus
1221 2611 1318 2645 valde
1336 2610 1441 2645 dubio
1458 2610 1538 2644 loco
1555 2609 1588 2643 in
1599 2607 1698 2653 Sept.

232 2664 307 2698 adv.
330 2664 438 2700 Theb.
460 2677 490 2700 v,
514 2667 604 2703 375.
628 2671 701 2701 tum
723 2666 833 2701 multo
863 2665 977 2700 minus
1006 2666 1062 2701 bic
1094 2670 1243 2712 propter
1263 2665 1573 2712 significationem.
1595 2673 1698 2708 quam
