1878 3115
664 193 721 226 AD
747 192 1105 226 AGAMEMNONEM.
1544 186 1624 224 445

266 297 358 333 930.
390 296 484 332 Libri
506 290 717 344 δειμάτων.
757 297 997 333 Emendarunt
1015 297 1119 344 primi
1138 298 1292 332 Auratus
1314 303 1349 332 et
1371 296 1556 333 nanterus.

265 353 357 388 932.
390 349 588 402 κομίστρα
602 353 691 388 vict.
715 358 750 388 et
772 359 810 388 ut
830 354 968 389 videtur
988 353 1090 388 Farn.
1119 353 1205 387 Tum
1226 352 1305 387 libri
1325 348 1627 401 μηχανωμὲνης.

151 409 304 442 Auratus
326 413 361 443 et
378 408 536 455 Scaliger
549 404 830 456 μηχανωμείνη,
853 409 948 455 quod
969 420 1072 443 suum
1093 408 1177 444 fecit
1194 408 1371 444 Stanleius
1392 414 1629 456 receperunt-

152 474 221 509 que
251 464 484 499 recentiores.
534 464 658 510 Aptius
688 470 742 499 est
770 465 988 511 propiusque
1018 465 1060 499 ad
1091 464 1262 499 librorum
1291 465 1503 512 scripturam
1532 464 1628 512 quod

152 519 268 565 posui,
290 514 570 569 μηχανωμένῃ.
614 520 705 554 Vidit
725 520 793 554 hoc
818 520 921 555 etiam
944 520 1123 554 Franzius.

267 575 359 611 934.
390 569 655 623 ὑπερτείνασα
677 575 779 610 Farn.
803 575 892 610 Vict.
927 570 1175 624 ὑπερτίνασα
1197 575 1290 609 Flor.
1331 577 1483 610 Auratus
1503 570 1629 625 ὑπερ-

151 625 358 674 τείνουσα,
380 630 475 676 quod
496 630 632 676 recepit
651 630 903 666 Blomfieldius.
950 631 986 665 Id
1011 642 1117 677 quum
1138 630 1362 666 W'ellauerus
1384 631 1474 666 male
1497 631 1628 666 sactum

154 685 255 725 dixit,
292 685 372 731 quia
398 685 637 731 praecesserit
664 686 817 720 aoristus
842 681 973 730 ἰ’κετο,
1007 697 1123 732 neque
1153 686 1346 721 attendisse
1376 687 1513 722 videtur
1534 686 1630 732 quod

153 739 392 775 Blomfieldius
415 746 681 787 comparaverat
701 752 732 775 v.
752 741 843 776 629.

756 792 821 830 καὶ
843 791 893 832 τὰ
915 789 1019 831 πίστ’
1042 789 1258 844 ἐδειξάτην,

355 846 573 900 φθείροντε
594 846 665 886 τὸν
686 844 883 899 δύστηνον
894 845 1084 900 Ἀργείων
1103 847 1291 901 στρατόν,

153 917 271 952 neque
301 907 443 941 omnino
473 907 647 942 rationem
676 907 728 942 rei
754 913 980 954 perspectam
1002 907 1182 942 habuisse.
1231 907 1339 943 Valde
1360 907 1554 955 probabilis
1577 914 1632 944 est

153 962 275 997 Aurati
297 962 522 997 coniectura:
555 962 618 997 sed
639 962 721 997 ferri
744 968 880 1004 tamen,
911 963 939 997 si
961 968 1058 998 recte
1081 963 1317 1010 intelligatur,
1348 963 1519 999 librorum
1542 965 1633 999 scri—

152 1022 257 1064 ptura
285 1022 417 1063 potest.
468 1018 688 1064 Vsurpantur
717 1019 808 1053 enim
837 1018 1022 1065 participia
1050 1018 1226 1054 interdum
1256 1019 1305 1054 sie
1327 1025 1366 1054 ut
1386 1031 1457 1055 non
1478 1021 1633 1066 pendeat

155 1073 326 1119 temporis
346 1072 512 1108 indicatio
535 1085 576 1108 ex
596 1073 703 1109 verbo
726 1074 822 1120 quod
843 1074 1047 1109 adiunctum
1063 1079 1129 1115 est,
1153 1075 1217 1109 sed
1238 1075 1312 1109 sola
1333 1086 1399 1122 per
1415 1086 1453 1110 se
1469 1081 1631 1111 constet:

156 1128 199 1163 de
228 1139 298 1174 quo
328 1140 459 1174 genere
489 1129 636 1164 diximus
667 1141 733 1176 ego
762 1129 805 1164 ad
834 1130 999 1176 Vigerum
1028 1142 1064 1176 p.
1086 1131 1176 1166 772.
1200 1141 1300 1177 seqq.
1333 1136 1368 1165 et
1398 1131 1569 1166 Graserus
1598 1132 1633 1166 in

154 1184 371 1219 Adversariis
400 1184 435 1218 in
456 1195 639 1220 sermones
660 1185 815 1220 Platonis
837 1197 872 1232 p.
892 1187 955 1221 67.
974 1196 1074 1232 seqq.
1129 1180 1419 1235 εῘὲτερτείνασα
1447 1187 1554 1233 igitur
1583 1187 1632 1221 sic

156 1245 211 1274 est
232 1239 475 1286 accipiendum
499 1251 539 1275 ae
561 1241 590 1275 si
612 1240 755 1275 dixisset
774 1235 1006 1289 inepae'mzene
1041 1241 1376 1276 Luculentissimum
1397 1242 1500 1277 huius
1523 1253 1634 1289 gene-

156 1295 204 1330 ris
227 1295 425 1341 exemplum
455 1301 510 1331 est
536 1296 571 1330 in
592 1296 654 1331 illo
677 1295 819 1331 Diodmi
843 1296 950 1332 Siculi
972 1297 997 1331 Ι.
1022 1297 1086 1332 66.
1117 1290 1174 1331 ἐπ
1199 1309 1265 1344 ετη
1289 1294 1331 1331 δέ
1352 1294 1635 1332 πεντεκαίδεκα

157 1344 259 1386 κατὰ
279 1361 375 1415 τοτς
393 1342 539 1400 ὅρκους
558 1347 623 1386 καὶ
645 1345 717 1394 τὰς
745 1346 846 1398 ὃιιο)
851 1364 884 1385 ο
875 1348 962 1399 χίας
989 1344 1182 1401 ἄρξαντες
1209 1349 1273 1387 καὶ
1296 1348 1369 1400 τῂν
1387 1348 1489 1402 πρὸς
1510 1347 1635 1400 [maj—

156 1400 290 1448 λους
271 1400 464 1452 ομόνοιαν
483 1418 747 1456 τηρησαντες,
783 1401 929 1453 {nasim
934 1418 1024 1443 οντο
1055 1401 1353 1443 κατασκευάσαι
1386 1404 1518 1443 κοινὸν
1538 1420 1635 1443 εαυ-

155 1463 241 1504 τοΐς
259 1455 341 1511 τάᾳ
347 1473 402 1496 ον.
453 1462 555 1505 Quod
575 1463 623 1498 illi
646 1474 753 1509 quum
774 1474 845 1498 non
866 1463 1017 1498 fecerint
1043 1468 1127 1510 post
1157 1464 1317 1510 quintum
1339 1464 1513 1499 decimum
1535 1464 1635 1510 regni

157 1528 307 1552 annum:
332 1528 374 1552 eo
397 1529 488 1553 anno
511 1518 602 1553 enim
625 1518 836 1554 dissolutum
855 1524 909 1554 est
923 1519 1007 1553 illud
1025 1530 1193 1566 regnum:
1216 1530 1288 1554 non
1310 1520 1509 1565 significant
1530 1519 1636 1555 verba

155 1572 225 1614 illa,
248 1584 355 1620 quum
374 1580 574 1619 reynarenl
596 1574 801 1621 quindecim
823 1587 939 1611 annos
961 1576 1223 1622 concordesque
1241 1582 1437 1616 manerent,
1460 1575 1554 1621 quod
1572 1586 1637 1622 per

154 1628 340 1675 participia
360 1629 559 1675 praesentis
581 1629 706 1664 suisset
728 1630 927 1671 dicendum,
952 1630 1014 1664 sed
1036 1642 1144 1678 quum
1164 1633 1402 1676 remeaverint
1425 1634 1636 1667 concordes-

156 1696 224 1732 que
242 1687 445 1720 manserint
465 1686 670 1732 quindecim
689 1697 817 1721 annos.
860 1685 1027 1720 Similiter
1046 1686 1244 1732 praesentis
1265 1686 1450 1732 participia
1464 1713 1472 1727 ‚
1495 1692 1534 1720 ut
1556 1697 1636 1721 5110-

156 1739 300 1786 pissime
324 1733 443 1787 ἄγων,
466 1740 678 1775 adhibentur
699 1740 742 1774 ad
764 1752 804 1775 ea
826 1740 1055 1787 significanda
1078 1752 1167 1787 quae
1191 1741 1380 1776 coniuncta
1402 1752 1481 1775 cum
1503 1742 1637 1787 prima-

157 1795 209 1829 rio
231 1794 338 1829 verbo
360 1795 504 1841 proprie
525 1795 647 1830 aoristi
668 1796 971 1831 consociationem
992 1796 1190 1842 requirunt.

272 1851 364 1886 936.
395 1850 490 1885 Libri
511 1847 717 1898 σημαίνεις
734 1846 883 1897 μολών.
914 1850 1016 1894 Quod
1037 1851 1275 1886 Blomfieldius
1296 1851 1415 1897 posuit
1432 1846 1638 1898 σημαίνεις

156 1899 304 1952 μολόν,
334 1906 539 1952 ponendum
571 1906 705 1941 viderat
733 1907 837 1941 etiam
868 1906 909 1941 ΙΙ.
933 1907 1078 1941 Vossius
1107 1907 1140 1941 in
1163 1907 1263 1941 Curis
1284 1907 1490 1953 Aeschyleis
1511 1918 1547 1953 p.
1571 1908 1635 1943 26.

158 1961 219 1995 sed
242 1961 270 1995 is
291 1961 382 1996 male
403 1957 611 2009 θερμαίνει
634 1962 813 2004 scribens,
845 1962 938 2008 quod
967 1973 1039 1997 11011
1069 1963 1201 1998 Graece
1232 1962 1363 1998 dictum
1394 1973 1472 1997 esse
1494 1968 1638 2009 putaret

156 2017 232 2051 σοῦ
250 2010 378 2063 μολόν
383 2028 448 2059 τος
467 2013 683 2064 σηιιαιᾞνεις

270 2073 363 2109 937.
396 2067 482 2116 ζεῦς
502 2065 592 2107 Tric'n'
616 2073 710 2108 Flor.
752 2066 838 2117 ζεύς
858 2066 890 2108 τ’
914 2066 980 2108 ἀπ’
1003 2073 1106 2108 Farn.
1129 2074 1218 2109 Vici.
1269 2074 1339 2109 111111
1361 2074 1515 2108 Auratus
1539 2073 1638 2108 dele-

157 2127 204 2162 vit
224 2120 271 2173 τ’,
300 2133 341 2162 ut
367 2133 493 2174 postea
521 2128 697 2163 Pauwius.
758 2129 937 2163 Ρο15011115
968 2129 1096 2175 aliique
1117 2124 1225 2172 Ζεύς
1243 2123 1277 2177 y'
1301 2129 1508 2169 ediderunt,
1542 2129 1637 2175 quod

159 2182 241 2229 quid
262 2183 308 2218 sit
327 2194 399 2218 non
420 2189 580 2230 apparet.

273 2239 364 2275 938.
396 2240 549 2273 Auratus
569 2231 871 2286 ἤδη11111111111111111
894 2238 1064 2274 censebat
1083 2233 1224 2286 111ἥδῦ.
1254 2239 1447 2279 Butlerum,
1473 2239 1531 2285 qui
1555 2232 1633 2274 τότ’

156 2286 235 2340 ἤδη
265 2299 337 2329 tum
358 2295 483 2329 statim
511 2294 764 2339 interpretatus
796 2299 889 2334 erat,
921 2294 1129 2340 vituperavit
1149 2294 1407 2335 Blomfieldius,
1437 2295 1538 2340 peius
1561 2295 1636 2340 ipse

159 2355 230 2383 tum
260 2350 399 2384 demum
427 2348 677 2394 interpretans.
730 2348 819 2391 Quid
848 2349 904 2384 hic
933 2349 988 2384 vel
1015 2350 1137 2385 statim
1158 2349 1212 2384 vel
1234 2351 1399 2384 demum?
1438 2342 1550 2396 ’Ήδη
1583 2355 1638 2385 est

158 2405 253 2443 iam,
282 2403 505 2450 referturque
527 2404 571 2438 ad
590 2403 852 2450 praecedentia.
902 2404 1023 2450 Neque
1055 2405 1147 2439 enim
1169 2405 1211 2440 de
1232 2410 1422 2451 praesente
1444 2405 1497 2439 vel
1519 2405 1637 2440 calore

159 2458 213 2492 vel
234 2458 364 2505 frigore
377 2486 385 2499 ‚
409 2459 471 2493 sed
494 2459 536 2494 de
557 2464 705 2494 venturo
726 2459 884 2505 loquitur
905 2459 1183 2506 Clytaemnestra
1196 2488 1204 2500 ‚
1228 2460 1343 2495 reditu
1363 2461 1637 2506 Agamemnonis

160 2513 281 2548 dicens
312 2514 411 2560 quasi
439 2514 555 2550 hieme
582 2526 643 2550 ver
670 2520 854 2550 venturum
886 2515 1059 2556 nuntiari,
1097 2521 1231 2551 aestate
1261 2520 1378 2550 autem
1407 2516 1474 2550 iam
1501 2516 1633 2551 instare

157 2568 283 2615 frigus.

272 2626 364 2661 939.
396 2620 759 2675 ἐπιστρωφωμένου
780 2625 869 2661 vict.
917 2621 1270 2675 ἒπιστροᾳωμένου
1301 2626 1404 2661 Farn.
1450 2622 1630 2677 ἐπιστρε-

160 2676 347 2728 φωμένου
370 2680 463 2715 Flor.
