1878 3115
780 194 836 225 AD
862 193 1040 226 PERSAS.
1571 184 1646 224 185

165 296 281 343 ginam
303 295 346 331 ab
368 307 410 331 eo
433 296 599 338 salutari,
623 296 704 337 sed,
729 308 798 343 qno
822 302 877 332 est
897 297 1001 332 animi
1023 302 1143 337 motu,
1167 295 1269 330 simul
1292 306 1415 330 omnes
1438 295 1497 342 qui
1519 295 1648 330 adsunt

165 351 419 398 comprehendi
441 352 524 387 facit
544 357 662 399 poeta.
704 352 900 387 Brunekius
922 363 963 388 ex
979 353 1056 387 Par.
1074 352 1111 386 B.
1134 356 1321 398 receperat
1337 346 1532 400 Πέρσαις,
1551 351 1647 397 quod

165 407 273 442 habet
302 408 407 442 etiam
429 408 524 454 Lips.
573 410 689 454 Atque
718 408 753 442 in
775 408 841 442 Vit.
872 419 1014 454 quoque
1037 419 1055 442 a
1077 419 1150 442 sec.
1172 418 1278 441 manu
1299 417 1325 442 σ
1346 418 1451 453 supra
1474 407 1646 453 seriptum

166 468 232 497 est.
273 463 395 509 Neque
418 463 513 510 quod
533 463 677 504 Aldina,
701 474 791 509 qnae
813 464 869 498 hie
892 459 1033 511 πέρσαι
1058 462 1219 503 exhibet,
1251 463 1286 497 in
1308 462 1376 497 fine
1398 462 1646 508 praecedentis

163 529 286 553 versus
308 518 426 558 habet,
444 515 606 564 πέρσας,
624 518 718 553 aliud
740 523 794 553 est
815 529 919 564 quani
940 518 1064 552 vitiose
1088 518 1219 563 scripta
1236 518 1327 552 varia
1344 518 1450 552 lectio
1468 513 1646 567 πέρσαις.

279 575 371 610 255.
404 567 477 608 ἄνι’
495 568 587 608 ἄνια
603 569 705 608 κακὰ
723 573 767 607 Μ.
784 573 880 619 Lips.
922 566 996 607 ἄνι’
1014 566 1105 607 ἄνια
1121 569 1185 607 καὶ
1203 573 1270 607 Vit.
1312 566 1416 616 ἄνια,
1436 567 1528 608 ἄνια
1544 569 1647 608 κακὰ

165 629 204 664 G.
227 629 332 664 Turn.
374 622 478 673 ἄνια,
501 622 605 672 ἄνια,
627 624 731 663 κακὰ
753 623 926 677 λυπηρὰ,
949 624 1109 677 λυπηρὰ
1129 628 1215 662 Veii.
1231 629 1272 662 A.
1296 628 1356 662 Ox.
1373 628 1449 663 ΑΜ.
1473 628 1561 663 Roh.

274 685 364 718 Ante
389 678 553 719 νεόκοτα
573 683 676 718 litura
699 684 833 730 aliquot
854 684 1050 718 litterarum
1066 684 1101 718 in
1117 683 1162 718 M.
1198 678 1363 718 νεότοκα
1379 683 1467 718 Roh.
1501 694 1562 732 γρ.
1585 695 1647 718 νε-

164 733 287 774 οτόκα
316 739 597 785 superseriptum
626 739 768 786 vulgato
800 733 965 774 νεόκοτα
994 739 1029 773 in
1057 739 1152 785 Lips.
1274 734 1338 773 καὶ
1370 733 1454 774 δάϊ’
1478 733 1522 774 αἶ
1540 732 1584 773 αἶ
1602 739 1645 773 Μ.

163 790 228 829 καὶ
251 787 337 828 δάϊ’
356 789 400 829 αἳ
418 789 462 829 αἲ
480 794 546 829 Vit.
569 794 664 841 Lips.
719 789 792 829 δάϊ
809 790 854 829 αἲ
871 789 924 839 αἶ’,
951 795 1082 829 omisso
1111 790 1189 839 καὶ,
1212 794 1251 829 G.
1305 790 1370 828 καὶ
1394 789 1502 830 aazia.
1544 789 1588 828 αἳ
1607 789 1651 828 αἲ

164 849 243 884 edd.
265 854 349 884 vett.
465 849 565 885 Patet
592 846 774 900 λυπηρὰ,
810 845 970 899 λυπηρὰ
999 850 1241 897 explicationis
1272 860 1398 885 caussa
1427 850 1645 896 adscriptum

165 916 256 940 esse.
300 904 370 940 Sed
391 901 495 940 κακὰ
516 916 587 941 non
608 906 722 940 minus
744 906 948 952 interpretis
971 910 1037 941 est.
1079 905 1313 941 Seribendnm

365 954 440 995 ἄνι’
466 954 559 996 ἄνια
580 956 746 997 νεόκοτα
767 958 832 996 καὶ
856 955 956 1006 δάϊ’,
980 957 1077 997 αἷαῖ.

164 1016 310 1051 Constat
330 1027 453 1051 versus
475 1028 517 1051 ex
538 1017 703 1052 dochmio
727 1022 762 1052 et
784 1017 950 1052 dochinio
971 1016 1275 1063 hypercatalecto.

275 1072 368 1109 256.
400 1068 628 1108 διαίνεσθαι
651 1073 689 1107 G.
712 1073 789 1108 Ald.
831 1070 1074 1118 σιαίνεσθαι,
1097 1072 1341 1119 superscripto
1363 1071 1495 1107 ultimis
1518 1071 1645 1106 litteris

162 1138 201 1171 ε,
231 1127 340 1163 Mose.
398 1124 627 1163 διαίνεσθαι
658 1123 851 1174 δάκουσι,
887 1129 1020 1163 inserta
1051 1128 1174 1163 vitiose
1197 1128 1330 1174 scripta
1351 1128 1646 1174 interpretatione

163 1178 346 1232 δάκρυσι,
367 1182 456 1218 Roh.

276 1239 368 1274 257.
400 1233 454 1281 (ὗς
473 1233 605 1274 πάντα
625 1233 658 1287 γ’
676 1233 786 1274 ἔσται
809 1240 918 1274 κεῖνα
934 1239 1001 1274 Vit.
1017 1239 1127 1274 Mose.
1169 1238 1207 1272 ln
1229 1238 1297 1272 Vit.
1320 1237 1501 1273 recentior
1520 1248 1645 1271 manns

160 1286 283 1328 ’κεῖνα
304 1294 399 1329 feeit.
449 1288 502 1336 ὡς
522 1290 654 1330 πάντα
674 1289 706 1343 γ’
732 1287 786 1329 ἕσ)
810 1291 938 1329 ἐκεῖνα
958 1295 1053 1341 LipS.
1105 1288 1158 1336 (ὃς
1179 1288 1292 1328 πάντ’
1317 1286 1394 1329 ἴστ’
1419 1290 1547 1328 ἐκεῖνα
1566 1293 1644 1327 Ald.

161 1349 250 1384 Roh.
349 1350 386 1384 ln
409 1343 463 1393 ὡς
483 1350 656 1396 particula
678 1355 772 1385 errat
793 1350 1025 1385 scholiastes:
1050 1349 1224 1396 significat
1246 1359 1285 1384 ea
1307 1349 1364 1383 hie
1386 1359 1485 1384 nam.

277 1406 369 1442 258.
402 1406 502 1440 Hune
523 1417 662 1440 versum
694 1405 824 1440 omittit
844 1406 939 1452 Lips.
1056 1399 1178 1447 αὐτὸς
1206 1399 1246 1439 δ”
1270 1405 1470 1445 Porsonus,
1501 1398 1648 1445 καύτός

161 1454 193 1508 γ’
218 1471 297 1495 eum
329 1461 492 1496 Cantahr.
517 1462 553 1497 2.
576 1460 835 1502 Blomfieldius,
865 1472 909 1495 ne
932 1460 1068 1496 scilicet
1089 1457 1159 1495 καί
1176 1465 1211 1495 et
1233 1456 1280 1495 δέ
1305 1460 1339 1495 in
1369 1471 1440 1494 uno
1463 1459 1646 1494 enuntiato

162 1516 475 1563 coniungerentur.
592 1511 631 1551 δ’
657 1517 812 1551 secunda
834 1527 958 1551 manus
980 1516 1113 1551 addidit
1132 1517 1167 1551 in
1188 1516 1256 1550 Vit.

275 1573 366 1608 259.
398 1568 684 1621 μακροβίωτος
703 1572 798 1619 Lips.
914 1567 934 1608 ὅ
966 1567 1012 1607 δέ
1035 1567 1080 1620 γέ
1107 1583 1166 1614 τις
1196 1567 1296 1606 αἷιὺν
1324 1570 1368 1605 Μ.
1426 1563 1504 1605 ὥὸἐ
1526 1565 1571 1618 γέ
1587 1581 1648 1612 τις

163 1622 263 1662 amm
281 1627 358 1662 Ald.
409 1623 509 1662 αἷίὺν
529 1621 596 1663 ὅδε
617 1639 658 1675 γε
680 1639 738 1670 τις
759 1627 923 1663 Cantahr.
944 1629 979 1664 2.
1022 1621 1088 1663 ὅδε
1110 1623 1155 1675 γέ
1172 1638 1231 1669 τις
1253 1622 1352 1662 αἷών
1373 1626 1495 1662 ceteri.

273 1678 400 1732 ἐφάνη
432 1684 470 1718 G.
502 1683 569 1718 vit.
603 1683 768 1718 Cantahr.
793 1685 828 1719 2.
851 1684 929 1719 Par.
946 1685 985 1718 A.
1001 1683 1041 1718 N.
1072 1683 1200 1729 aliique
1228 1682 1401 1717 nonnulli.
1455 1675 1646 1730 ἐφαάνθη

161 1738 247 1773 Ven.
266 1740 304 1773 A.
329 1738 492 1773 Cantahr.
515 1740 548 1774 1.
572 1739 650 1773 Par.
667 1739 704 1773 B.
725 1739 762 1773 G.
787 1739 847 1774 Ox.
869 1739 946 1774 Ald.
970 1739 1075 1773 Turn.
1099 1738 1205 1784 idque
1228 1749 1334 1784 supra
1356 1737 1528 1783 scriptum
1550 1736 1583 1770 in
1607 1737 1645 1770 G.

162 1787 323 1843 ἐφάνθη
345 1799 442 1829 recte
465 1794 509 1828 M.
531 1794 626 1840 Lips.
648 1794 737 1828 Rob.

274 1849 424 1884 Metrum
447 1860 550 1884 unam
574 1849 742 1895 syllabam
765 1848 874 1884 deleri
895 1849 1064 1895 postulat,
1089 1848 1184 1895 quod
1207 1859 1314 1894 quum
1336 1848 1411 1882 fieri
1426 1847 1541 1894 possit
1558 1847 1649 1881 seri—

162 1904 278 1939 bendo
314 1900 560 1954 μακρόβιος,
598 1910 715 1940 tamen
745 1915 786 1953 γε
816 1904 935 1951 potius
969 1904 1156 1939 delendum
1187 1909 1261 1945 est,
1303 1904 1399 1950 quod
1427 1903 1484 1938 hie
1514 1903 1647 1937 rectius

163 1960 347 1995 omittitur.

276 2016 367 2052 260.
397 2016 578 2064 γηραιοῖς
597 2015 683 2051 Ven.
706 2017 746 2050 A.
769 2015 845 2050 ΑΜ.
869 2015 957 2050 Rob.
999 2015 1173 2063 γεραιοῖς
1194 2008 1237 2048 δ’
1262 2014 1357 2061 LiPS.

276 2072 368 2107 261.
399 2066 540 2121 παρών
559 2082 599 2107 τε
622 2072 666 2106 Μ.
686 2072 725 2106 G.
745 2071 810 2106 Vit.
828 2071 923 2118 Lips.
948 2070 1113 2106 Cantabr.
1134 2071 1170 2106 2.
1194 2070 1305 2105 Mose.
1329 2071 1407 2105 Par.
1425 2069 1465 2104 N.
1506 2063 1649 2117 παρών

163 2138 203 2175 γε
226 2127 305 2162 edd.

278 2183 369 2219 262.
401 2177 586 2231 πέρσαις,
609 2182 698 2218 Rob.
750 2182 866 2217 Ceteri
887 2177 1052 2229 πέρσαι,
1076 2181 1110 2215 in
1132 2181 1245 2227 iisque
1267 2181 1364 2227 Lips.
1386 2180 1420 2214 in
1445 2191 1514 2226 quo
1538 2191 1645 2225 supra

163 2237 334 2284 seriptum
355 2249 416 2287 γρ.
438 2234 615 2287 πέρσαις.
732 2232 924 2286 φράζαιμ)
951 2231 1002 2271 ἂν
1022 2228 1087 2270 οἷα
1110 2236 1148 2270 G.

277 2294 369 2329 263.
403 2287 422 2327 ὀ
444 2304 489 2327 το
512 2294 580 2328 τοῖ
593 2292 662 2328 τοΐ
676 2292 720 2326 M.
772 2287 986 2327 ὀττοτοτοΐ
1001 2291 1039 2326 G.
1082 2285 1239 2326 ὄττοτοὶ
1261 2290 1328 2324 Vit.
1372 2284 1537 2325 ὀττοτοῖ
1551 2289 1645 2335 Lips.

163 2341 432 2383 ὅττοτοτοίτοι
451 2348 534 2382 Ven.
548 2349 588 2382 A.
625 2342 806 2382 ὀτοτοτοὶ
828 2343 889 2382 τοὶ
906 2346 982 2381 Ald.
1025 2341 1230 2381 ὃτοτοιτοῒ
1244 2342 1303 2380 τοὶ
1322 2345 1411 2379 nob.
1452 2340 1645 2380 Οττοττοὶ

163 2403 269 2437 Turn.
326 2397 564 2437 ὀττοττοτοῖ
577 2403 664 2437 ven.
687 2403 724 2437 B.
747 2402 837 2437 Vict.
870 2407 1084 2448 ceteraeque
1115 2401 1194 2436 edd.
1227 2406 1307 2435 ante
1330 2401 1548 2440 Personam,
1588 2400 1647 2446 qui

164 2452 352 2493 ὀτοτοτοῖ
366 2458 533 2492 restitnit.
649 2453 783 2504 μάτην
804 2457 869 2492 vit.

112 2506 115 2511 ’
278 2514 370 2549 264.
403 2509 453 2547 τὰ
474 2508 605 2547 πολλοὶ
626 2513 718 2548 libri.
761 2512 895 2560 Scripsi
916 2508 966 2548 τὰ
988 2507 1124 2547 πολέα.
1164 2511 1298 2546 Eodem
1320 2511 1425 2546 modo
1448 2510 1647 2546 Lachman—

163 2579 241 2604 nus.
284 2568 322 2602 V.
347 2568 389 2603 ad
412 2580 440 2602 v.
467 2569 559 2604 270.

277 2625 368 2660 265.
401 2624 484 2671 γᾶς,
508 2624 751 2670 superscripto
769 2635 805 2671 η,
824 2624 918 2670 Lips.
958 2623 1029 2671 γῆς
1049 2623 1125 2658 Ald.
1143 2666 1158 2672 ἢ
1215 2616 1280 2656 ἀπ’
1306 2616 1474 2664 ἇσιάὸος
1495 2621 1534 2656 G.
1551 2621 1645 2667 Lips.

165 2678 292 2727 aliique
313 2679 472 2716 nonnulli
494 2684 530 2715 et
551 2679 638 2714 Roh.
682 2672 738 2714 ἐπ’
764 2673 934 2721 ἀσιάὸος
955 2679 1020 2714 Vit.
1138 2674 1264 2725 ἢλθεν
1284 2678 1350 2713 Vit.
1373 2677 1468 2724 Lips.
