1878 3115
690 181 749 214 AD
775 181 1077 218 cnossptmnos.
1548 178 1628 218 527

145 283 215 319 tris
235 289 267 319 et
287 284 428 325 matrix,
458 283 480 318 i.
503 293 535 318 c.
558 290 789 326 momentum,
822 296 893 332 quo
915 286 1057 333 utrique
1079 285 1238 322 debitum
1258 286 1374 328 detur,
1405 289 1497 334 patri
1517 289 1629 324 vindi-

145 343 216 380 cta,
237 338 342 373 matri
362 349 491 384 poena

260 394 352 430 328.
383 394 565 429 Lineolam
587 399 723 430 tantum
744 396 933 442 praelixam
948 395 1057 432 habet
1071 396 1116 432 M.
1231 394 1361 433 κλῦθί
1377 410 1448 433 νυν
1466 398 1629 434 scriben-

145 447 228 483 dum
249 459 330 484 esse
351 449 434 484 vidit
456 450 640 486 Canterus.
681 450 777 486 Libri
797 450 919 487 κλῦθι
940 452 1020 488 νῦν.

259 505 352 541 330.
383 504 471 540 Huic
493 506 609 540 versui
629 506 758 541 lineola
787 506 939 553 praefixa
962 508 997 542 in
1017 508 1062 542 M.
1113 508 1249 542 Orestis
1278 519 1469 554 personam
1491 508 1629 544 adscri-

143 558 233 594 liunt
254 559 294 594 G.
315 559 393 594 Ald.
415 559 504 595 Βοὴ.
546 560 655 596 Recte
685 572 761 596 eam
792 562 911 597 omisit
931 562 1038 598 Turn.
1153 562 1246 597 Libri
1276 560 1411 606 δίπαις
1439 566 1524 606 τοῖς
1542 562 1627 599 ἐπι-

144 611 386 661 τυμβιδιόις,
416 615 482 650 nisi
505 616 600 662 quod
622 613 759 659 δίπαις
777 613 875 659 τούς
892 614 1199 664 ἓπιτυμβιδίους
1217 618 1324 653 Turn.
1373 618 1563 655 Schmzius
1591 621 1625 654 in

143 670 256 716 prima
277 669 432 704 editione
453 680 474 705 e
493 681 556 705 sua
579 671 785 706 coniectura
806 672 903 707 dedit
924 669 1060 715 δίπαις
1078 670 1145 708 τοί
1161 668 1198 708 σ)
1218 670 1509 720 επιτῑμβιδιος,
1531 675 1628 722 quod

142 725 280 771 recepit
299 724 494 760 Porsonns.
545 725 641 760 Duae
670 727 891 772 posteriores
913 727 1071 762 Schsstzii
1092 739 1135 763 ex
1153 739 1233 763 mea
1261 729 1468 765 coniectura
1493 727 1629 772 δίπαις

142 776 210 815 τοί
225 773 261 815 σ’
283 774 529 826 ἔπιτίμβιος.
571 780 805 816 Scribendum
827 783 946 828 potius
968 788 1045 817 crat

345 831 480 878 δίπαις
505 831 553 871 δέ
568 847 594 871 σ
625 828 692 872 ὅὸ
715 832 962 883 ἐπιτύμβιος.

257 891 349 927 331.
380 885 582 938 θρήνους,
611 891 732 927 vitium
759 892 925 933 Aldinae,
959 893 1105 928 retinuit
1133 893 1240 929 Turn.
1356 887 1624 939 ἀναστενάζει,

142 957 214 981 non
235 939 503 991 ἀναστενάζει,
526 947 630 982 etiam
653 948 698 982 M.
721 947 853 983 habere
875 948 1024 983 videtur.

257 1002 349 1038 334.
380 1001 469 1036 Huic
491 1002 608 1037 versui
628 1002 790 1038 Electrae
811 1014 966 1049 persona
986 1003 1167 1050 adscripta
1189 1004 1221 1038 in
1244 1003 1334 1039 Βοὴ.
1376 1005 1414 1039 ln
1430 1005 1473 1040 Μ.
1497 1006 1626 1041 lineola

141 1056 308 1103 praefixa.
424 1053 467 1092 τί
489 1051 531 1091 δ’
563 1052 659 1106 ἄτερ
688 1059 823 1093 κακῶν
843 1058 932 1093 Βοὴ.
964 1064 1000 1094 et
1028 1060 1078 1094 sic
1109 1059 1215 1094 etiam
1237 1060 1281 1094 M.
1312 1060 1376 1095 sed
1405 1066 1444 1095 ut
1465 1054 1560 1106 ἄτερ
1582 1061 1625 1095 ab

141 1112 265 1148 eadem
286 1123 393 1147 manu
414 1123 456 1147 ex
475 1112 543 1148 alio
565 1113 738 1148 vocabulo
760 1114 893 1149 sactum
914 1126 994 1149 esse
1013 1114 1183 1149 videatur.
1221 1112 1263 1149 τί
1281 1109 1321 1149 δ’
1347 1109 1409 1150 ἅτ)
1431 1112 1473 1150 ἐν
1492 1117 1628 1151 κακῶν

141 1168 181 1203 G.
196 1167 273 1202 ssd.
296 1173 332 1203 et
351 1168 387 1202 in
408 1168 448 1203 G.
471 1168 612 1214 quidem
634 1170 770 1204 κακῶν
789 1170 839 1204 sic
862 1170 1047 1216 sviiptum,
1069 1175 1109 1204 ut
1124 1170 1387 1216 compendium,
1412 1182 1482 1217 quo
1505 1172 1626 1206 ultima

104 1218 109 1221 ’
141 1222 275 1288 syllaba
295 1222 489 1265 indicatur,
521 1229 625 1259 antea
653 1224 769 1259 suerit
786 1225 872 1260 illud
903 1236 973 1272 quo
1005 1225 1225 1272 significatur
1253 1226 1319 1268 ῶς.
1376 1226 1481 1261 Turn.
1514 1224 1555 1262 τί
1582 1222 1624 1261 δ’

141 1289 236 1314 αντε
261 1279 404 1321 κακῶς.

254 1335 346 1371 335.
379 1334 480 1370 Hunc
497 1345 637 1370 versum
659 1334 749 1370 Βοὴ.
769 1335 885 1370 Oresti
906 1335 1042 1371 tribuit.
1084 1335 1232 1383 Signum
1248 1336 1490 1382 interrogandi
1508 1337 1627 1372 Schu-

141 1390 210 1424 tzio
240 1389 404 1425 debetur.
464 1389 512 1425 De
541 1389 649 1425 verbo
679 1385 896 1439 ἀτρίακτος
925 1397 960 1426 et
989 1392 1151 1438 cognatis
1180 1404 1210 1426 v.
1243 1390 1352 1435 Salm.
1382 1392 1506 1428 Exere.
1535 1393 1624 1428 Plin.

140 1456 176 1491 p.
197 1446 290 1481 206.
313 1444 448 1491 Spanh.
470 1445 514 1480 ad
534 1445 705 1480 lulianum
727 1458 763 1492 p.
784 1447 877 1482 262.
899 1446 987 1482 Lob.
1009 1447 1184 1494 Aglaoph.
1206 1459 1242 1494 p.
1263 1449 1355 1484 354.

254 1501 347 1537 336.
379 1500 474 1536 Haec
496 1501 578 1536 duci
598 1501 727 1548 prioris
747 1502 958 1537 hemichorii
979 1502 1098 1537 tribui.
1148 1503 1266 1538 Chore
1298 1503 1489 1549 adscripsit
1517 1503 1624 1538 Turn.

139 1556 283 1591 Lineola
303 1556 456 1602 praefixa
477 1556 512 1591 in
533 1556 577 1591 M.
618 1556 720 1592 Nulla
740 1558 916 1603 personae
938 1563 1022 1593 nota
1043 1559 1078 1593 in
1100 1558 1139 1593 G.
1162 1558 1240 1593 Ald.
1257 1557 1345 1593 Βοὴ.
1463 1552 1548 1592 ἀλλ’
1571 1554 1624 1593 ἔτ’

140 1607 192 1646 ἂν
209 1608 253 1647 ἐκ
271 1608 399 1647 τῶνδε
418 1612 464 1647 Μ.
486 1611 576 1647 Βοὴ.
625 1606 712 1647 ἀλλ’
742 1607 819 1648 ἕκτἶ
850 1609 901 1648 ἂν
929 1609 971 1648 ἐκ
991 1610 1118 1649 τῶνδε
1140 1614 1180 1649 G.
1201 1614 1280 1649 Ald.
1331 1607 1417 1648 ἀλλ’
1449 1610 1492 1648 ἐκ
1520 1609 1552 1649 τ’
1576 1610 1627 1647 ἄν

138 1664 265 1703 τῶνδε
284 1667 392 1702 Turn.
506 1665 557 1702 Χ
554 1661 686 1716 <ayss-[mr
703 1669 794 1703 male
815 1669 1073 1715 interpretatur
1093 1669 1305 1704 scholiastes
1327 1663 1347 1704 ὁ
1364 1666 1626 1720 χρησμῳδῶν

130 1716 349 1758 Ἀπόλλων.

254 1779 348 1814 337.
377 1773 471 1823 θείη
493 1777 600 1812 Turn.
640 1771 726 1825 θήῃ
749 1777 793 1812 Μ.
816 1778 856 1813 G.
878 1778 956 1813 Ald.
979 1778 1068 1813 Βοὴ.

253 1834 346 1870 339.
377 1827 502 1867 παιὰν
515 1839 615 1868 recte
631 1832 884 1868 Blomfieldius.
914 1833 1010 1868 Libri
1027 1830 1169 1868 παίων.
1208 1834 1280 1869 Pro
1297 1835 1396 1870 luctu
1409 1835 1623 1881 sepulcrali,

140 1888 265 1935 inquit,
287 1900 419 1924 rim-um
440 1890 595 1924 amicum
617 1888 799 1935 (Oresten)
819 1901 943 1935 paean
963 1891 1168 1925 introducet
1187 1891 1225 1925 in
1247 1892 1372 1936 regias
1393 1891 1511 1925 aedes.

140 1940 411 1990 ἐμβασιλείοις
428 1943 507 1978 Ald.

255 2000 348 2036 340.
381 1999 578 2046 νεοκοᾶτα
598 1989 674 2047 ‘1¹7
673 2009 720 2033 ον
739 1994 854 2033 κοιιίῗ.
856 2010 887 2034 ει
908 1999 954 2034 Μ.
978 1999 1044 2043 (sic
1066 1999 1111 2034 M.
1117 2002 1129 2045 )
1152 1999 1241 2034 Βοὴ.
1290 1993 1487 2047 νεοκράτα
1507 1997 1626 2049 φίλον

139 2050 288 2101 κομίζει
310 2054 350 2089 G.
399 2048 569 2089 νεοκάτα
598 2050 670 2102 (μ’)
673 2064 718 2088 ον
744 2050 894 2100 κομιζει
915 2054 993 2090 Ald.
1043 2055 1240 2090 νεοκοᾶτα
1260 2052 1381 2103 ᾳίλον
1408 2066 1449 2102 γε
1470 2052 1623 2102 κομίζοι

139 2110 246 2145 Turn.
287 2109 493 2144 Emendaw't
513 2109 708 2149 Porsonus‚
731 2121 837 2156 quem
858 2122 888 2144 v.
904 2110 947 2144 ad
971 2110 1063 2145 Med.
1077 2122 1108 2145 ν.
1125 2111 1214 2147 138.
1244 2105 1485 2159 Νεοκοάτας
1499 2122 1626 2146 σπον-

141 2159 216 2207 δάς
235 2165 315 2200 alibi
336 2164 534 2211 Aeschylus
556 2164 651 2205 dixit,
682 2164 723 2198 sr.
743 2166 836 2201 432.
886 2159 1082 2212 νεοκρᾶτά
1110 2177 1170 2207 τις
1197 2162 1358 2200 ποιείτω
1379 2166 1509 2200 Plato
1501 2178 1534 2200 in
1557 2166 1626 2201 La-

139 2220 291 2256 conibus
311 2219 407 2266 apud
425 2220 508 2254 Ath.
524 2219 594 2254 XV.
616 2231 651 2266 p.
669 2220 762 2255 665.
783 2220 821 2254 C.
862 2219 1061 2266 Hesychius
1082 2215 1248 2268 νεοκοάς
1267 2220 1355 2261 (scr.
1377 2214 1624 2270 νεοκράτας),

141 2286 282 2310 νεωστι
309 2270 612 2321 κεκερασμένας.
660 2268 908 2323 Νεόκοατοι,
938 2272 1041 2317 τινες
1069 2276 1266 2322 κοατῆοες
1292 2271 1492 2321 ἐὶεῆοντο,
1523 2271 1580 2310 ὡν
1599 2271 1622 2322 ἡ

133 2332 282 2378 χοῆσις
302 2325 414 2375 διττη
438 2322 708 2376 καθειστήκει,
737 2324 779 2364 ἔν
805 2340 846 2364 τε
875 2325 953 2378 γὰρ
980 2332 1065 2372 τοῖς
1092 2327 1358 2379 περιδείπνοις
1387 2327 1452 2364 καὶ
1473 2342 1515 2365 εν
1535 2333 1625 2374 ταῖς

140 2379 365 2421 εστιάσεσιν
382 2377 508 2431 ἤγουν
524 2380 730 2427 σπονδαῖς.

256 2441 349 2476 341.
379 2438 524 2474 Lineola
543 2438 725 2485 praefixa
717 2450 752 2474 in
773 2439 818 2474 Μ.
872 2439 973 2475 Nulla
1003 2451 1179 2487 personae
1207 2446 1294 2475 nota
1312 2440 1349 2475 in
1370 2440 1409 2475 G.
1430 2440 1509 2475 Ald.
1533 2440 1621 2476 Βοὴ.

141 2496 304 2531 Electrae
324 2494 412 2528 haec
435 2493 558 2528 tribuit
578 2493 775 2529 Turnebus.
824 2494 902 2530 Non
922 2495 1014 2531 hanc
1036 2496 1178 2536 decent,
1209 2496 1272 2530 sed
1294 2496 1458 2536 Oresten,
1490 2496 1546 2531 cui
1567 2507 1624 2532 me

141 2551 232 2586 duce
255 2549 444 2584 Schutzius
465 2549 574 2584 dedit.
690 2546 798 2600 εἷλίῳ
819 2550 932 2585 codex
952 2550 1168 2586 Robortelli:
1191 2551 1267 2597 ipse
1289 2550 1386 2586 dedit
1407 2547 1508 2602 ι’λίῳ,
1530 2556 1568 2586 ut
1589 2551 1622 2586 in
1667 2565 1673 2568 ·

142 2606 272 2642 ceteris
293 2604 391 2640 libris
413 2609 480 2639 est.

255 2661 348 2697 342.
380 2653 568 2706 πόρτινος
587 2659 706 2695 vitium
727 2660 885 2695 Aldinae.
